2808 4172
758 277 853 368 316
862 302 905 347 o

1174 423 1460 488 Coi-rigere
1496 418 1712 475 alterius
1746 419 1965 472 mendas
1989 456 2004 479 ,
2027 431 2082 472 et
2114 419 2319 474 tradere
2358 419 2523 487 culpis

1174 492 1473 558 Iudicium,
1508 489 1708 541 sibimet
1743 487 1991 552 placidiS,
2026 486 2243 554 aliisque
2280 487 2491 543 severis,

908 554 929 591 ⁸
1076 614 1082 620 ,
1169 562 1251 613 Hi
1287 575 1466 614 tamen
1509 557 1668 611 officii
1702 554 1838 610 casto
1871 554 1963 610 sub
1996 562 2236 621 tegmine
2269 562 2423 616 tanti,

1170 631 1469 686 Luxuriae,
1498 623 1769 691 solumque
1794 625 1974 683 {Gulae
2005 623 2241 679 studuere
2277 630 2480 684 voraci,

1175 699 1356 763 Atque
1390 694 1686 761 puellarum
1716 695 2064 761 comprabant
2097 691 2273 748 oscula
2309 694 2486 759 plura,

1176 767 1387 819 Dantes
1420 765 1670 818 ducatum
1702 780 1795 829 per
1826 761 2006 817 basum
2043 761 2318 830 quodlibet
2343 778 2541 816 unum.

1308 836 1574 887 Luxuriae
1605 829 1714 885 visu
1747 837 2015 893 cruciatu,
2042 834 2273 898 denique
2306 830 2494 884 Baldus

1179 902 1312 954 Vult
1344 906 1520 960 exire,
1551 915 1703 955 vocat
1731 898 1924 962 socios,
1950 905 2039 967 qui
2068 901 2312 954 flammea
2347 898 2553 967 sparfim

1179 969 1280 1022 Per
1313 969 1430 1022 loca
1445 969 1698 1033 „girabant
1735 969 2242 1031 animarum,mu1ta
2270 984 2547 1035 rogantes,

1178 1038 1565 1095 Conveniunt,
1600 1039 1748 1088 exire
1784 1054 1973 1102 parant
2009 1054 2192 1092 tamen
2223 1036 2385 1090 hostia
2418 1032 2681 1101 nusquam

1177 1107 1498 1171 Apparent,
1530 1101 1840 1170 nullamque
1868 1107 2052 1158 vident
2084 1106 2346 1171 fignac'ula
2377 1107 2591 1159 Portae.

1176 1172 1369 1227 Baldus
1406 1188 1595 1230 natura
1623 1170 1912 1238 sdegnosus
1941 1174 2120 1227 fronte
2148 1190 2392 1238 rapatur‚

1179 1243 1322 1296 Nam
1353 1242 1466 1296 vult
1496 1245 1575 1295 ire
1607 1241 1774 1303 foraS,
1805 1259 1908 1298 nec
1939 1242 2103 1296 eundi
2141 1245 2307 1294 forma
2342 1257 2608 1295 trovatur.

1172 1311 1300 1366 Huc
1335 1309 1463 1367 illuc
1500 1325 1753 1378 properat
1773 1349 1788 1371 ,
1815 1315 1992 1377 nigras
2019 1314 2318 1376 interrogat
2347 1310 2580 1363 umbras.

1112 1434 1114 1437 ,
1178 1378 1562 1446 Respondetur
1584 1385 1664 1435 ei:
1695 1378 1930 1434 nostrum
1952 1394 2175 1436 cereate
2200 1376 2489 1431 Minoffum

1171 1447 1626 1509 Conseffatorem,
1652 1449 1760 1504 fine
1789 1467 1897 1516 quo
1924 1449 2066 1503 mihi
2097 1447 2296 1503 credite
2331 1462 2540 1513 portam

1168 1520 1436 1584 Quaeritis
1468 1518 1797 1579 indarnum,
1831 1518 2051 1573 dextrae
2077 1535 2169 1571 vos
2205 1517 2383 1571 ducite
2417 1517 2582 1586 parti,
2660 1571 2669 1573 ,

1168 1588 1393 1653 Cernite
1421 1587 1487 1641 de
1525 1586 1689 1654 longe
1724 1587 1921 1647 faculas
1956 1590 2214 1651 vomitare
2236 1584 2580 1643 Torazzum,
2666 1588 2670 1591 ’

1169 1652 1302 1709 Illac
1336 1653 1589 1711 confess‘at
1619 1659 1800 1711 Minos
1833 1655 1998 1711 almas
2035 1660 2162 1721 igne
2193 1652 2504 1712 brusandas,

1165 1722 1305 1778 Illuc
1335 1722 1563 1791 egressus
1598 1740 1748 1791 patet
1782 1724 1939 1788 huius
1966 1724 2154 1779 flebilis
2189 1727 2318 1789 agri.

1162 1790 1320 1848 Illico
1349 1811 1705 1862 campagnam
1735 1792 1914 1861 ,gressu
1948 1792 2230 1850 celerante
2266 1786 2583 1857 trapaffant,

888 1899 890 1901 -
1159 1861 1571 1933 Tursonemque
1607 1863 1828 1923 adeunt,
1850 1866 2036 1929 ignem
2067 1861 2398 1927 ventumque
2428 1870 2758 1918 vomentem,

624 1898 1409 1996 ΜασαῖῬθ-εὸϋυᾩυειηῑοε
1445 1934 1624 1986 Roma
1658 1934 1797 1984 vitos
1828 1947 1980 1984 nunc
2005 1930 2217 1982 obtinet
2254 1927 2439 1983 inclita
2467 1924 2688 1986 sanctos,

1156 1996 1555 2062 Religiosorum
1587 2014 1796 2057 mores,
1835 2013 1967 2064 quot
1997 1996 2263 2050 habentur
2300 1993 2533 2048 honesti.

1146 2069 1371 2127 Quotve
1399 2066 1575 2123 forum
1606 2064 1735 2127 vjusta
1770 2065 2014 2130 ,doctores
2050 2065 2172 2128 lege
2208 2063 2514 2128 gobernant

1154 2135 1303 2199 Quot
1337 2130 1480 2185 divas
1515 2131 1719 2185 habitat
1752 2146 2026 2185 matronas
2064 2134 2278 2196 integra
2304 2127 2490 2189 Pallas,

1153 2201 1411 2266 Denique
1443 2216 1578 2268 quot
1608 2197 1818 2256 sanstae
1844 2216 2065 2266 gentes,
2094 2197 2374 2266 Urbesque
2412 2201 2758 2268 Romagnae‚

1151 2270 1262 2329 ,Aut
1286 2268 1635 2330 Lombardiae
1655 2306 1675 2331 ,
1702 2266 2010 2337 Toscanae,
2043 2283 2136 2324 aut
2174 2272 2343 2326 totius
2374 2268 2548 2324 orbis.
