2808 4172
637 216 740 313 ιιιι,
1127 214 1284 284 MA
1305 211 1445 284 CA
1465 212 1529 298 R
1551 209 1618 284 o
1642 210 1723 281 Ν
1746 207 1887 283 ΕΑ
1986 209 2176 286 XVI

546 381 755 436 Immo
807 371 977 432 suam
1019 362 1265 453 plorans
1315 366 1576 443 sortem,
1596 361 1958 429 decreverat
2008 361 2166 427 istud

547 464 795 528 Nobile
842 458 943 522 (1)
995 457 1426 547 Sarcophago,
1490 479 1605 519 nec
1658 454 1886 520 inulte
1909 457 2157 537 locare,
2180 452 2509 522 Cadaver.
2558 537 2560 539 Ι

543 564 738 620 Hunc
791 549 1142 618 ulciscendi
1196 553 1379 614 causa
1429 544 1697 612 disceffit
1748 551 1828 613 ab
1879 553 2018 640 ipso
2074 575 2076 582 ’
2265 576 2268 580 ’
2662 543 2677 554 ”

547 652 827 725 Littore,
873 667 990 709 nec
1039 646 1288 734 poterit
1324 641 1634 706 Muselina
1686 644 1946 709 evadere
1995 637 2305 722 mortem,

542 749 718 825 Qae
771 739 1038 816 lasciva,
1092 733 1336 814 furens,
1393 727 1705 799 Leonardi
1760 746 1996 824 percita
2048 737 2264 815 vultu,

541 840 715 896 Dum
770 835 926 921 petit
978 829 1278 918 amplexu
1323 825 1545 891 satiare
1596 828 1887 898 libidinis
1937 828 2182 909 adium,

540 922 678 1011 Ipse
724 923 1077 1011 pudicitiae
1130 918 1331 986 custos
1383 925 1513 985 cito
1564 924 1794 1016 respuit
1841 921 2068 989 illam.

539 1017 723 1079 Unde
771 1016 930 1078 duos
983 1035 1171 1099 maga
1221 1014 1302 1076 de
1346 1014 1578 1077 mediis
1631 1010 2001 1106 Cocytidos
2030 1014 2270 1081 umbris

462 1188 466 1193 V
538 1106 877 1194 Indignata
930 1108 1114 1167 Ursos
1168 1101 1405 1183 haufit,
1454 1092 1710 1191 quibus
1747 1109 1877 1194 iPse
1928 1108 2245 1174 vorandus

536 1200 1024 1264 DilanIaiQetur
1081 1192 1380 1261 Succeffu
1434 1197 1573 1260 dira
1627 1194 1918 1263 voluntas

538 1297 689 1356 Non
739 1294 982 1355 caruit·
1039 1285 1221 1353 fimul
1277 1292 1760 1378 extinguuntur
1813 1294 2084 1381 virque,
2135 1283 2466 1386 feraeque?

539 1385 927 1449 Conditione
980 1405 1200 1471 parem
1247 1406 1356 1448 nos
1403 1387 1564 1448 inter
1615 1400 1916 1468 martyres
1968 1383 2155 1453 illum

535 1477 809 1542 Credere
859 1476 1168 1540 debemus
1217 1473 1397 1542 statui
1444 1480 1624 1568 super
1672 1477 1832 1542 astra
1883 1480 2178 1564 beatum.

471 1595 473 1597 ¹
536 1576 680 1634 Nec
732 1573 945 1634 minus
993 1572 1291 1658 exposuit
1331 1594 1447 1660 pro
1494 1573 1863 1660 virginitate
1915 1592 2211 1637 cruorem
2241 1619 2258 1646 ,

537 1670 744 1746 Quam
798 1670 1291 1751 contraRegum
1346 1661 1555 1731 furias
1592 1661 1977 1749 catharina,
2034 1663 2131 1730 vel
2187 1665 2488 1747 Agness

505 1753 507 1755 ’
618 1814 621 1817 ,
719 1756 953 1820 Baldus
1006 1754 1203 1820 humo
1256 1755 1414 1823 fixos
1468 1754 1592 1823 line
1643 1758 1788 1823 luce
1822 1758 2095 1825 tenebat
2135 1752 2420 1832 ocellos,

533 1849 830 1936 Cingaris
879 1866 940 1910 et
990 1848 1239 1937 pridem
1287 1850 1473 1917 distis
1525 1851 1898 1916 extenderat
1946 1871 2208 1915 aurem.
2376 1874 2379 1876 ’

536 1943 758 2004 Mitior
805 1957 1093 2030 apparet,
1146 1957 1361 2006 tamen
1413 1942 1617 2009 altum
1673 1941 1878 2007 fronte
1923 1941 2215 2007 dolorem
2285 1945 2288 1953 “

532 2033 690 2113 Qis
741 2028 1024 2096 fimulare
1077 2032 1319 2122 potest?
1371 2032 1749 2101 defundium
1796 2055 2048 2098 cernere
2099 2053 2346 2143 corpus

456 2128 458 2130 ’
533 2131 718 2189 Mens
761 2121 1113 2212 liquefaEta
1153 2122 1537 2215 <22nequit,
1559 2127 1745 2193 dolor
1794 2130 1971 2214 asper
2020 2146 2315 2213 namque
2343 2102 2567 2212 procel
2598 2105 2712 2208 las‘

531 2215 1009 2304 Excidiumque
1059 2218 1260 2283 animi
1314 2232 1631 2306 (puerum
1678 2217 1717 2282 fi
1769 2214 2046 2305 speetat)
2103 2217 2412 2282 acerbat.
2485 2238 2487 2240 ·
2571 2238 2574 2244 ·

533 2317 683 2372 Huc
736 2305 892 2372 illuc
939 2309 1184 2396 Cingar
1234 2313 1429 2376 tardis
1480 2334 1631 2377 cum
1684 2307 1955 2400 paffibus
2002 2310 2192 2376 illum
2249 2371 2252 2372 Β

533 2403 845 2480 Divertit,
895 2404 1279 2491 monitisque
1328 2399 1528 2469 studet
1569 2405 1770 2470 lenIre
1820 2401 2150 2468 dolorem.

535 2492 654 2556 Nil
704 2497 954 2579 penitus
1005 2493 1339 2579 loquitur,
1392 2501 1750 2581 sermonem
1802 2497 2096 2579 Cingaris
2144 2490 2366 2570 audit,

529 2582 652 2647 Sed
707 2587 850 2645 casu
905 2581 1265 2649 adveniunt
1315 2584 1427 2649 ubi
1480 2583 1678 2649 tinaa
1732 2607 1956 2649 cruore
2013 2583 2302 2648 Lonardi

529 2677 746 2738 Fontis
795 2696 958 2762 aqua
1010 2694 1302 2757 emanat,
1350 2683 1525 2758 jacet
1573 2700 1648 2741 ac
1687 2682 1766 2742 ‘in
1813 2676 2018 2742 littore
2072 2671 2321 2765 paffirn

538 2765 784 2832 Frafiio
839 2766 1150 2847 telorum,
1205 2771 1488 2850 scutum,
1533 2766 1688 2834 enfis
1737 2766 2007 2848 fraeluS,
2055 2785 2117 2834 et
2167 2761 2348 2830 Urfi.

533 2867 745 2942 Qum
801 2859 973 2922 videt
1025 2858 1184 2925 haec
1236 2858 1458 2936 eadem
1508 2851 1722 2928 fletus
1723 2870 2120 2926 renovantur
2158 2854 2419 2921 acerbi.

534 2952 768 3040 Plang'e
814 2949 918 3032 (3),
969 2954 1217 3038 inquit,
1278 2955 1563 3045 plange,
1612 2969 1658 3020 o
1703 2951 1975 3020 infoelix
2025 2948 2261 3030 ΒειΙάε,
2241 2943 2705 3140 ,Ιιοιιέιιᾶιιὲιι

824 3089 829 3095 -
2473 3054 2580 3105 ang
2619 3068 2639 3097 ι

616 3202 673 3255 (1
702 3207 717 3260 )
753 3204 904 3249 Nobile
949 3210 1065 3252 sear
1045 3209 1196 3264 reopbz
1172 3226 1249 3267 :go
1277 3222 1354 3257 etc.
1382 3210 1590 3258 Cadaver
1656 3207 2018 3267 subsequuntur,
2027 3218 2139 3254 tum
2159 3219 2208 3252 ea
2231 3216 2347 3264 quae
2382 3197 2703 3264 praecedunt

536 3261 685 3309 nobile
708 3267 723 3318 (
744 3282 802 3309 no
808 3282 833 3309 n
857 3266 947 3311 fine
984 3268 1174 3314 ultione
1195 3271 1252 3316 de
1278 3272 1374 3328 ejus
1396 3286 1543 3319 morte
1564 3274 1582 3327 )
1651 3267 1990 3325 Theophylum
2034 3268 2231 3312 nostrum
2292 3277 2348 3308 ve
2364 3281 2410 3311 re
2470 3277 2495 3306 ²
2541 3271 2706 3304 ”²⁸⁰³

540 3322 773 3380 sepulchro
793 3326 970 3372 tradere
1013 3330 1038 3370 d
1054 3342 1314 3377 ecreverat.
1630 3328 1751 3372 dono
1772 3328 1957 3373 Poeseos
1980 3329 2113 3374 fuisse
2136 3326 2352 3378 instrustu
2373 3340 2451 3375 m,
2477 3319 2708 3367 indicant·

623 3385 638 3436 (
662 3401 683 3428 2
708 3389 724 3435 )
760 3390 871 3430 Mens
894 3387 1063 3444 liquefa
1067 3388 1134 3433 ἑῖα
1152 3404 1227 3435 etc.
1265 3394 1402 3440 Mens
1427 3392 1581 3438 dolore
1647 3390 1770 3435 Nam
1793 3389 1948 3433 eadem
1972 3389 2200 3435 facilitate
2218 3385 2354 3447 gravi
2369 3387 2493 3432 ffima
2525 3381 2652 3426 ca'rm
2669 3379 2706 3423 i-

543 3446 777 3502 perculsa
1649 3464 1740 3500 na,
1782 3464 1924 3507 eaque
1961 3450 2295 3509 elegantiffima
2336 3444 2523 3507 promit
2547 3470 2564 3496 ι
2601 3448 2694 3497 ‘1⁸¹⁸
2776 3514 2781 3521 .

613 3506 715 3562 (3)
755 3507 832 3555 Pla
808 3522 926 3566 a,nge
944 3515 1100 3567 inquit
1118 3521 1193 3557 etc.
1215 3513 1346 3560 Tum
1370 3526 1442 3567 ea,
1463 3526 1580 3572 quae
1647 3510 1946 3558 Macaronica
1966 3512 2157 3561 effutit.
