2808 4172
656 241 811 313 <230
1205 235 1730 349 MosoHE
1755 235 2050 311 mos

654 384 1193 477 Ragnifugae÷(1),
1245 411 1432 476 quem
1480 410 1646 453 nunc
1698 391 1995 451 scivimus
2043 386 2161 455 effe
2211 387 2503 476 presum⁴
2570 406 2592 432 “»
2664 429 2688 441 -
2783 449 2796 459 ,

566 487 804 566 ¹Nonne
854 480 1198 544 recordatis
1245 503 1399 566 quas
1445 498 1615 546 tanta
1663 499 2028 569 perarma,
2078 477 2462 567 Ρετύηάαε,

591 570 593 574 ‘
664 576 793 635 Hic
837 572 1225 637 Pulicanaea
1277 570 1432 637 fecit
1481 577 1543 638 in
1587 595 1754 636 arce
1779 593 2001 659 prora-s
2030 570 2068 634 .2
2122 626 2126 629 .
2372 595 2391 603 ·*

553 656 792 727 Nonne
826 665 1011 751 quod
1054 667 1119 727 in
1173 668 1448 729 Gutica>
1483 665 1740 752 quando
1790 667 1897 726 sex
1950 661 2128 726 mille
2171 624 2572 749 pedocchios
2667 687 2676 695 ⁸

654 758 969 836 Brusavit‚
1023 759 1270 846 superos
1320 760 1462 844 igne
1511 766 1790 821 tocante
1809 754 1988 843 polos
2027 757 2052 818 ἓ
2435 784 2439 788 ’

559 844 769 913 Xerfis
820 851 886 910 in
934 861 1173 912 armata
1219 845 1258 910 fi
1309 855 1463 911 Dux
1515 864 1668 912 tunc
1722 850 1852 934 ipse
1906 842 2157 925 fuisset,

663 947 807 1002 Fors
857 934 992 1000 iffet
1040 940 1171 1002 alio
1217 954 1392 1002 tanta
1443 935 1711 1003 facenda
1761 939 2003 1003 mod0.

565 1029 666 1091 An
717 1029 854 1092 dux
903 1029 1255 1117 perdendus
1303 1028 1444 1091 talis
1477 1033 1501 1091 ?
1553 1052 1676 1093 non
1721 1030 1925 1116 qualis
1976 1029 2281 1108 habetur,
2333 1037 2335 1040 ’

657 1128 777 1185 Seu
832 1116 936 1200 fit,
991 1118 1109 1184 five
1160 1118 1323 1199 fuit,
1377 1122 1478 1183 seu
1528 1119 1859 1207 palacii-nus
1907 1124 2024 1183 erit
2057 1120 2130 1184 ,2

563 1212 960 1277 Parlamenta
1011 1215 1208 1300 igitur
1259 1210 1524 1288 vadant,
1566 1214 1902 1277 veniamus
1953 1209 2033 1275 ad
2080 1234 2252 1276 arma
2297 1267 2317 1295 ‚

656 1308 906 1369 Moscas
953 1309 1178 1371 armari
1228 1328 1338 1394 per
1381 1327 1521 1369 mea
1569 1327 1759 1393 regna
1809 1303 2003 1370 volo.

553 1405 731 1462 :Cum
783 1396 864 1462 (2)
915 1400 1148 1487 septem
1194 1413 1451 1464 centum
1498 1397 1894 1463 tranfibimus
1942 1418 2212 1486 aequora
2263 1390 2473 1477 fustis,

649 1489 992 1574 Qtaeiibet
1041 1486 1123 1553 est
1176 1491 1389 1555 virdae
1434 1493 1680 1554 -scorcia
1731 1489 1923 1578 longa
1972 1486 2203 1554 fabae
2548 1499 2549 1502 ’

566 1584 672 1647 Sic
727 1586 856 1661 ait,
907 1599 968 1646 et
1017 1578 1160 1662 fiat,
1215 1581 1368 1663 fiat,
1405 1583 1766 1647 Moschaea
1817 1581 2147 1661 cridabat,

656 1676 795 1739 Fiat
842 1675 1015 1763 quod
1069 1672 1264 1739 noster
1312 1683 1456 1741 Rex
1507 1678 1733 1765 cupit,
1781 1690 1971 1763 atque
2020 1675 2239 1756 jubet.

494 1764 497 1766 ’
562 1769 908 1832 Mittuntur
957 1765 1216 1836 ‚cunetas
1264 1771 1327 1832 in
1373 1768 1616 1833 bandas
1666 1767 1854 1832 illico
1909 1767 2139 1846 bandi,

650 1857 902 1938 Currit,
935 1876 996 1924 et
1057 1859 1137 1926 ad
1187 1859 1375 1938 juffos
1424 1883 1710 1948 quaeque
1761 1858 1998 1924 stafetta
2075 1859 2293 1924 locos,

566 1951 763 2015 {Plena
808 1951 1203 2026 thesororum
1257 1958 1522 2016 reserant
1570 1954 1804 2017 aeraria
1855 1952 2093 2031 Patres,
2142 1978 2145 1984 ·

665 2044 942 2108 Soldatis
991 2038 1296 2130 fiquidem
1349 2044 1566 2108 debita
1617 2067 1781 2132 paga
1827 2043 2056 2107 datur.

573 2141 725 2201 Non
777 2134 858 2203 (3)
905 2132 1017 2197 nifi
1068 2134 1387 2202 tamburos
1437 2139 1639 2198 sentis
1669 2136 2017 2199 accendere
2070 2141 2379 2209 Martem,

657 2232 866 2316 Atque
919 2241 1304 2315 petezzantes
1347 2244 1722 2292 tantararare
1770 2228 1984 2291 tubas.
2275 2248 2277 2250 ·

560 2330 799 2386 Contra
850 2316 1145 2384 for-micas
1191 2319 1415 2386 odium
1467 2319 1724 2384 crudele
1776 2317 2037 2407 stigatur
2070 2369 2087 2397 ,

654 2420 937 2496 Quarum
990 2416 1048 2476 se
1096 2416 1268 2499 pasci
1319 2412 1475 2477 velie
1522 2435 1743 2477 cruore
1798 2411 2096 2476 bravatnt.

558 2509 691 2591 -Qli
737 2512 902 2586 jurat
952 2519 1226 2592 patrem,
1279 2508 1387 2593 qui
1442 2502 1780 2569 vendicare
1833 2501 2223 2580 fradellum‚

659 2600 784 2683 Qui
838 2597 1079 2661 bramat
1129 2596 1385 2684 spadam
1436 2596 1899 2682 sanguibratare
1951 2599 2165 2659 suam.

573 2695 818 2779 Jupiter
864 2705 930 2753 at
979 2687 1091 2751 sub
1141 2692 1199 2753 se
1242 2695 1373 2768 jam
1427 2692 1508 2758 (4)
1568 2687 1880 2776 baltegare
1934 2687 2203 2751 solarum

663 2784 1012 2859 Senserat,
1052 2794 1114 2842 et
1173 2777 1432 2846 smortos
1482 2783 1688 2845 cernit
1737 2784 1809 2843 in
1848 2803 1953 2846 ore
2006 2787 2208 2843 Deos·

582 2861 940 2962 Smergolat
988 2875 1055 2934 in
1099 2870 1360 2953 colera,
1415 2873 1695 2938 clamat:
1736 2896 1847 2937 cur
1889 2887 2120 2937 tremat
2169 2868 2488 2954 Olympus
2494 2867 2529 2928 ·?

662 2974 790 3033 Cur
841 2986 982 3029 mea
1032 2967 1168 3029 sunt
1210 2963 1393 3031 fumo
1442 2966 1657 3056 sydera
1712 2967 1919 3032 brutta
1974 2959 2212 3054 nigro?
2483 3007 2564 3103 N*

1329 3085 1332 3091 ¹
1904 3070 1946 3128 ι.
2537 3066 2637 3104 un-

652 3221 668 3274 (
695 3237 711 3263 1
738 3225 753 3274 )
788 3221 1073 3281 Ragnifhgaee·
1103 3222 1228 3267 Tam
1265 3220 1594 3269 strenuiDucis
1737 3221 1754 3274 (
1784 3220 1844 3276 3)
1876 3224 1975 3263 Non
2008 3214 2084 3270 n‘isi
2110 3215 2355 3259 tamburos.
2384 3213 2551 3272 Ingens
2593 3222 2692 3253 mu·

571 3280 886 3345 captivitatem
910 3295 1233 3329 commemorat
1270 3283 1326 3328 ad
1347 3285 1592 3330 accenden-
1657 3285 1829 3330 scarum
1863 3279 2118 3324 volantium
2152 3291 2369 3323 murmur
2403 3270 2698 3332 exprimitur-

572 3340 653 3386 δός
674 3341 879 3387 animos
902 3343 1073 3389 Contra
1096 3346 1280 3397 culioes,
1297 3357 1345 3389 et
1365 3346 1594 3402 pediculos
1734 3343 1840 3398 (4)
1885 3343 1952 3383 Ba
1955 3341 2140 3396 ltegare.
2192 3339 2421 3384 Tremffl‘e
2457 3345 2699 3394 Pammeu‘

569 3402 665 3459 ejus
698 3400 924 3448 feritatem
960 3405 1006 3448 in
1041 3418 1244 3449 mentem
1278 3418 1494 3450 revocat.
1659 3418 1756 3450 tum
1811 3401 1945 3447 Coeli
1981 3399 2174 3471 Jupiter
2209 3398 2392 3450 senfit,
2426 3408 2579 3465 quum
2626 3401 2700 3434 tot

546 3507 548 3509 ,
648 3465 759 3515 (2)
790 3468 893 3506 Cum
918 3462 1073 3522 septem
1104 3476 1293 3510 centum.
1325 3465 1498 3512 Muscis
1522 3477 1577 3509 ve
1657 3462 1843 3524 agmina
1877 3475 1971 3511 tam
1994 3461 2176 3524 ing-enti
2201 3474 2383 3509 rumore
2407 3454 2582 3505 armari
2603 3452 2701 3498 sen·

562 3522 730 3573 hendis
763 3525 891 3573 navis
923 3538 1056 3586 apta,
1088 3527 1218 3575 fabae
1251 3536 1438 3574 cortex
1617 3527 1755 3574 fit.
2630 3550 2635 3555 ·

2801 3641 2802 3649 ⁴
2799 3583 2801 3586 Α
2790 3465 2803 3568 ξιξ-εικῆ.
