2808 4172
563 182 712 251 ιω
1033 173 1849 295 133033οΝ53
1943 175 2138 251 Vm.

447 342 718 421 Introit,
769 354 830 405 et
880 332 1090 404 rursus
1140 336 1429 426 gladium
1481 354 1664 402 cavat
1715 353 1896 402 extra
1940 340 2304 425 guainam,

445 435 772 522 Sanguine
821 455 948 522 quo
997 429 1258 520 plenum
1313 453 1733 495 canaruzzum
1786 433 1865 498 (ι)
1926 428 2169 496 foderat
2218 448 2402 497 ante.
2454 453 2456 457 ⁴

443 531 613 617 Ergo
665 524 974 616 paulisper
1023 521 1208 588 coelo
1262 520 1495 611 suffigit
1539 521 1846 603 oceIIOS„

448 621 706 706 Easque
757 620 1156 708 comenzavit
1207 617 1441 705 pietosa
1486 639 1641 682 voce
1690 614 2081 706 pregheras:

416 717 538 773 ·O
557 709 819 775 cortelle
871 732 1081 790 mem,
1127 725 1263 773 toto
1316 707 1477 773 mihi
1531 711 1739 774 carior
1789 708 1942 773 orbe
1973 756 1992 787 ,

444 806 572 886 Qi
619 800 1042 869 demonstrasti
1092 808 1222 882 jam
1270 815 1364 865 tot
1411 801 1722 888 miracula
1771 802 2063 882 mundo,

446 904 621 980 Qot
668 899 805 961 suut
854 899 918 961 in
969 895 1150 960 coelo
1201 892 1461 975 stellae,·
1493 909 1648 983 quot
1698 897 1763 958 in
1810 915 2086 982 aequore
2134 896 2343 960 Pisces
2374 945 2394 978 ‚
2477 971 2482 976 .
2541 938 2547 944 v

460 995 554 1052 Te
606 1011 764 1077 rogo
811 1012 915 1077 per
963 985 1173 1052 Sanffl
1222 989 1338 1052 vir
1322 1004 1518 1052 utem
1566 985 2089 1067 Bartholomaei‚

462 1045 719 1160 Cujus&
719 1103 888 1145 nunc
939 1083 1132 1144 etiam
1185 1080 1376 1144 rubro
1427 1102 1489 1144 es
1537 1079 1614 1144 de
1666 1081 1961 1167 sanguine
2020 1039 2266 1168 ρίἂυὲ,

455 1175 669 1237 Sicut
687 1180 870 1237 Berta
917 1188 1029 1236 tuo
1080 1195 1191 1259 pro
1243 1171 1519 1235 vulnere
1553 1187 1763 1236 morta
1771 1137 2123 1252 Dcadivit,

454 1268 560 1330 Sic
611 1287 778 1329 nunc
825 1261 931 1328 ist2
983 1279 1095 1327 tuo
1145 1266 1435 1327 soccursu
1493 1265 1638 1340 viva
1689 1244 2001 1351 resurgat.
2160 1271 2171 1275 ”

452 1360 561 1422 Sic
612 1359 867 1437 diceus,
925 1357 1016 1420 bis
1056 1373 1269 1445 terque
1322 1357 1557 1419 crucis
1577 1350 1907 1442 signacula.
1959 1355 2188 1444 fingit,

453 1454 692 1514 Nescio
744 1473 901 1538 quos
950 1448 1222 1514 Psalmos
1269 1451 1468 1512 taciti
1521 1469 1671 1512 cum
1722 1469 1877 1513 voce
1928 1451 2293 1514 susurrans-

458 1549 643 1607 Tunc
695 1547 818 1607 cita
869 1541 947 1607 de
996 1541 1286 1633 pheretro
1339 1536 1686 1605 simulatrix
1735 1539 1849 1605 illa
1900 1544 2210 1630 resurgit,

452 1644 629 1718 Quae
681 1642 757 1700 (ι)
810 1638 1093 1700 smarrita
1143 1638 1365 1720 nimis,
1420 1631 1657 1698 cunetis
1708 1657 1800 1698 res
1849 1651 2041 1699 matta
2093 1634 2380 1700 videtur:

455 1730 691 1792 Ahime
729 1727 1032 1817 ‚gridat,
1070 1751 1179 1792 cur
1223 1749 1324 1791 me
1372 1722 1766 1790 amnazzasti
1830 1727 2106 1814 Cingar?
2166 1744 2228 1792 et
2271 1727 2399 1792 heu
2450 1725 2674 1818 quid

454 1817 808 1899 Commifi,
860 1819 1045 1908 quod
1083 1815 1161 1883 fic
1212 1819 1431 1904 gladio
1475 1820 1639 1881 mihi
1689 1817 1858 1882 colla
1909 1815 2191 1883 secasti?

460 1917 701 2001 Cingar
746 1915 882 1977 ait·
931 1916 1235 2000 quoniam
1289 1907 1489 1976 fecisti
1546 1932 1780 1974 cornua
1831 1909 2074 1991 Baldo,

460 2003 825 2094 Basastique
873 2004 1062 2070 illum
1114 2026 1307 2111 nuper
1355 2001 1689 2084 danzando
1739 2003 2062 2068 vilanum.

463 2101 747 2178 Parcite,
802 2106 982 2162 Berta
1032 2100 1286 2184 inquit,
1338 2097 1624 2161 tenerino
1668 2100 1912 2184 parcite
1965 2098 2152 2162 sex0.

465 2193 768 2256 Foemina
818 2190 897 2254 de
942 2189 1232 2253 maschio
1281 2186 1443 2252 fasta
1497 2186 1616 2268 est,
1669 2187 1802 2269 vult
1853 2185 2137 2255 foemina
2183 2190 2582 2264 malchium.
2639 2218 2645 2227 ·

469 2286 693 2349 Ponite
746 2305 939 2370 quam
990 2281 1179 2346 vultis
1229 2280 1520 2362 mulieri,
1576 2283 1791 2369 ponite
1839 2281 2150 2370 guardam
2182 2337 2202 2367 ,
2437 2307 2441 2311 ·

475 2381 576 2439 Ne
630 2373 828 2439 faciat
876 2392 1068 2439 tortos
1118 2371 1281 2439 fusos
1312 2386 1335 2449 (
1368 2397 1534 2444 *cum
1584 2376 1759 2463 priva
1806 2377 2038 2438 marito
2086 2374 2167 2441 est
2201 2373 2231 2452 ’)

468 2472 599 2531 Vix
655 2469 717 2529 in
769 2467 1043 2530 cerveilo
1096 2465 1134 2528 fi
1187 2466 1297 2530 stat
1347 2469 1657 2554 praesente
1709 2468 1974 2531 marito.

469 2562 723 2646 Absque
771 2562 903 2622 viro
956 2581 1078 2621 non
1132 2558 1266 2622 vult
1310 2580 1417 2646 per
1461 2561 1710 2646 gnisam
1763 2554 1912 2621 stare
1963 2562 2264 2626 niunam.

471 2656 539 2718 Si
590 2650 733 2732 stat,
786 2650 1122 2716 miraclum
1178 2654 1356 2740 super
1403 2654 1621 2714 omnia
1672 2650 1874 2715 dicite
1924 2653 2269 2740 grandem.

409 2803 413 2807 ,
471 2747 715 2833 Cingar
756 2744 1126 2835 respondet:
1181 2747 1461 2809 mentiris
1509 2767 1700 2833 porca
1742 2743 2036 2827 ribalda,

468 2845 570 2902 Tu
624 2835 789 2903 male
833 2860 980 2900 cum
1036 2844 1257 2918 νίῑ33,
1306 2836 1460 2902 alias
1504 2838 1666 2902 male
1717 2840 1927 2904 vivere
1980 2838 2218 2920 credis·

473 2939 759 3015 Qantos
814 2929 1016 2993 exilio
1060 2928 1267 2993 miffos
1311 2933 1733 3016 cognovimus
1779 2931 1990 3011 olim,

478 3031 802 3089 Servavere
847 3022 1079 3109 quibus
1132 3026 1443 3088 consortes
1492 3039 1672 3103 vota,
1728 3021 2094 3110 fidemque?

478 3114 587 3180 Illi
631 3129 804 3180 tanta
850 3117 1074 3196 mariS,
1128 3129 1449 3205 terraeque
1497 3114 1787 3205 pericula
1832 3113 2122 3203 paisant,
2644 3187 2666 3197 ‚⁴

1638 3236 1640 3238 ’
2475 3210 2627 3276 Mil-

535 3358 610 3411 (ι)
660 3365 779 3418 ,Quae
804 3361 1010 3414 smarrita
1040 3364 1116 3408 &a
1163 3363 1367 3420 Fingens
1411 3362 1455 3407 se
1493 3360 1556 3407 rei
1627 3373 1783 3408 manet
1810 3395 1823 3407 .

475 3420 684 3467 novitate
704 3423 955 3481 perculsam
979 3454 993 3479 ‚
1014 3424 1190 3483 stupida
1210 3454 1226 3480 ,
1247 3439 1300 3470 ac
1340 3422 1558 3493 suspensa
1684 3425 1750 3480 (2)
1786 3424 1969 3471 Foderat
1991 3454 2001 3471 .
2038 3422 2082 3472 A
2107 3425 2250 3491 *verbo
2262 3423 2387 3492 fodio
2422 3443 2434 3471 :
2474 3425 2720 3486 fodiveratz
2753 3479 2755 3482 Α
2805 3467 2808 3494 3
