2808 4172
647 206 1683 337 Δ··ιι4ἰεῐζῑ,11κῑ·ι.·
2021 265 2161 336 2„

142 407 221 466 Εἴ
271 410 556 486 reparant
607 398 900 477 caldum,
951 397 1165 464 Testae
1199 394 1509 461 faciendo
1554 392 1930 485 capellum,

140 500 425 572 Quorum
493 487 779 576 percuffit
826 494 1044 554 nasum
1088 485 1431 553 redolentia
1484 490 1678 557 vini„

143 585 251 645 Sic
308 574 669 641 Phantafiae
718 596 932 645 tenues
962 630 980 656 ,
1023 580 1352 664 sensusque
1401 578 1603 641 bizari

35 682 41 687 '
142 677 317 733 Dant
368 665 545 732 fimul
592 669 878 735 affaltum
929 671 1157 746 sociis,
1201 668 1614 754 picigantque
1667 665 2006 745 cerebros,
2077 689 2081 693 ⁴

141 763 573 847 Intrautesque
622 778 858 848 caput,
902 761 1175 824 sotosora
1228 755 1463 822 filentia
1512 757 1817 822 mandant
1849 807 1864 822 .
1996 781 2000 784 ·

140 850 381 915 Baldus
428 868 493 915 at
542 851 802 917 intaetus
851 866 1158 928 remanet,
1208 849 1600 937 guardatque
1636 901 1653 930 ,
1706 846 2083 937 stupetque,

146 946 241 1005 Ac
293 942 545 1021 tandem
591 942 784 1018 ridet,
838 943 1210 1030 prenditque
1259 964 1296 1004 a
1347 943 1621 1029 Cingare
1674 938 1888 1004 festam
1942 992 1959 1018 ,

135 1036 261 1116 Qii
313 1034 466 1097 dum
519 1033 919 1121 phantasmae
974 1056 1143 1098 nunc
1190 1030 1381 1111 hinc,
1422 1055 1587 1097 nunc
1638 1032 1785 1097 inde
1832 1030 2210 1108 volazzantg
2263 1079 2265 1081 .

135 1132 271 1188 Has
326 1125 616 1210 segnitat,
638 1125 1056 1213 manibusque
1106 1127 1277 1213 piat,
1328 1124 1432 1189 sed
1483 1123 1721 1188 deinde
1780 1121 2036 1187 tenendi

137 1215 319 1278 Huic
371 1215 678 1280 destrezza
727 1214 929 1295 deest,
984 1230 1385 1301 retrovatque
1432 1212 1618 1304 piaffe
1670 1217 1988 1279 nientum.

142 1304 374 1370 vidisti
427 1303 633 1371 forsan
679 1329 902 1395 pueros
951 1306 1338 1394 quandoque
1390 1311 1715 1395 giocantes

137 1396 319 1460 Velle
371 1399 542 1485 piare
587 1420 780 1463 manu
834 1399 1118 1478 MoscaS,
1171 1396 1786 1487 presone-fflficandas,

143 1487 412 1552 Scilicet
458 1492 526 1552 in
579 1489 795 1555 charta
847 1490 962 1569 bis,
1011 1494 1251 1577 terque,
1299 1510 1640 1577 quaterque
1691 1489 1928 1577 plicata
1958 1532 1978 1565 ,

144 1585 343 1667 Saepe
393 1580 655 1665 quidem
707 1583 1007 1669 capiunt,
1056 1585 1450 1668 retinentque
1498 1584 1567 1645 in
1621 1601 1871 1644 carcere
1918 1578 2167 1665 pugni,

139 1671 262 1735 Sed
314 1670 568 1756 quando
619 1670 921 1742 allentant
965 1673 1205 1761 digitos
1233 1724 1250 1751 ,
1304 1671 1714 1761 panduntque
1756 1667 2113 1759 pochinum
2149 1716 2168 1744 ,

144 1764 234 1823 Ni
287 1766 418 1824 cito
466 1761 772 1826 scaltritas
822 1767 1036 1852 capiat
1086 1786 1310 1828 manus
1358 1764 1592 1843 altera,
1646 1766 2008 1850 scampant,

147 1859 226 1916 Et
268 1847 348 1915 fic
394 1849 474 1915 fic
524 1852 776 1933 oleum,
830 1851 910 1919 fic
963 1851 1044 1919 fic
1096 1858 1492 1919 consumitur
1542 1877 1726 1943 opta.

145 1945 391 2030 Cingar
443 1946 545 2016 ita,
574 1960 637 2008 et
685 1948 985 2025 comiteS,
1037 1944 1241 2011 Baldo
1285 1944 1568 2024 ridente,
1611 1944 1952 2009 menabant

141 2036 275 2097 Hic
329 2031 467 2099 illic
516 2034 756 2123 palmas
796 2054 1049 2126 propter
1103 2039 1405 2103 brancare
1454 2036 1738 2102 coellum
1768 2088 1786 2116 ‚

140 2126 443 2188 Attamen
493 2141 563 2189 ut
611 2127 872 2192 tandem
924 2125 1617 2215 stracchae,laffaeque
1667 2125 1924 2191 fuerunt

143 2223 286 2278 Hae
339 2213 565 2280 similes
616 2218 933 2298 Notolae‚
988 2223 1095 2283 seu
1143 2217 1355 2298 Guffi,
1406 2215 1525 2283 five
1577 2221 1877 2296 Civetae,

140 2312 273 2370 Has
324 2304 547 2370 zaffare
597 2325 872 2396 queunt,
926 2309 1131 2397 deque
1188 2310 1283 2373 his
1333 2309 1598 2397 implere
1650 2309 1975 2373 bisaccas:

142 2400 384 2484 Cingar
432 2396 517 2462 (Ι)
559 2398 639 2463 de
684 2399 883 2465 Paulo
935 2409 1228 2482 Veneto,
1281 2408 1587 2489 Petroque
1641 2398 1961 2489 Spagnolo
2069 2462 2073 2468 .

142 2488 330 2576 Mille
382 2489 555 2569 bajas
604 2493 837 2579 recipit
872 2544 890 2571 ,
948 2494 1287 2580 subitoque
1338 2495 1403 2560 iu
1450 2507 1709 2579 guttura
1759 2487 2052 2567 mandat,

140 2581 240 2640 Ac
291 2576 331 2640 fi
381 2579 707 2646 mandaret
758 2583 1146 2657 Coriandola
1199 2604 1469 2647 zuccare
1523 2581 1686 2646 fadia
1719 2627 1737 2645 .

143 2671 441 2760 Protinus
489 2674 810 2741 it‘contra
861 2672 1267 2742 Falchettum
1301 2726 1320 2753 ,
1370 2687 1572 2737 trenta
1621 2673 1952 2740 debottum
2003 2679 2005 2682 ⁴

144 2764 537 2848 Argumenta
588 2759 781 2842 facit,
828 2764 936 2829 sed
988 2764 1183 2830 Falco
1235 2765 1494 2852 logicus
1544 2763 1643 2830 illi

149 2850 542 2942 Respondet,
570 2854 978 2935 chiacharat,
1015 2855 1220 2921 crIdat
1251 2856 1399 2937 hic,
1433 2850 1640 2937 cridat
1689 2852 1947 2933 ille,tiec
1993 2874 2119 2940 unq
2134 2871 2277 2916 uam

151 2950 229 3010 In
277 2944 487 3010 centos
533 2947 727 3010 annos
777 2949 991 3035 pivam
1036 2947 1387 3012 -accordare
1439 2945 1780 3011 valebunt.

152 3033 229 3102 Id
279 3058 532 3128 quoque
583 3040 734 3106 Lito
782 3035 974 3119 facit,
1026 3034 1184 3104 facit
1233 3038 1531 3125 Hyppol,
1585 3053 1646 3098 et
1694 3035 1821 3122 ipse
1876 3031 2193 3109 Bocalus,

381 3126 388 3127 7
1236 3126 1340 3183 Kk
2015 3128 2224 3177 omnes

215 3359 317 3422 (ι)
354 3379 512 3432 σὶημν
543 3377 594 3420 de
636 3379 764 3424 Paulo
805 3363 980 3423 Veneto.
1011 3374 1184 3423 Paulus
1253 3374 1487 3422 tinentes.
1521 3371 1708 3419 Petrum
1732 3369 2011 3430 Spagnolum
2046 3382 2136 3412 non
2174 3366 2292 3419 vidi,

153 3426 363 3473 Venetus
393 3436 527 3477 nbi-os
573 3436 725 3483 edidit
758 3441 930 3485 nullius
967 3439 1183 3484 utilitatis
1255 3436 1326 3481 sed
1348 3435 1562 3494 intellige
1592 3434 1816 3480 aneiorem
1841 3429 1984 3481 Prior?
2020 3441 2295 3487 comPfl'ass·

150 3487 425 3537 Dialesticas
458 3490 593 3540 tricas
626 3497 800 3542 nullius
832 3501 1053 3543 momenti
1076 3514 1180 3544 con·
1253 3499 1365 3543 dum
1391 3529 1400 3539 .
