2808 4172
839 227 1629 318 MERLGrs
2067 238 2222 330 φῇ

182 383 728 472 Menchionasque
776 376 891 447 suo
953 380 1180 458 dicunt
1224 383 1290 447 in
1336 404 1553 448 amore
1601 378 1880 450 fusaras.

181 479 420 547 Baldus
471 477 553 543 ab
603 474 815 543 altano
869 476 1120 547 tumulo
1164 476 1393 564 procul
1442 477 1658 540 omnia
1713 474 1854 543 visu

180 580 494 663 Coeperat
522 624 543 654 ,
594 586 658 634 et
700 568 909 636 ridens
936 622 956 652 ,
1008 572 1098 633 ita
1145 569 1530 657 ragionabat
1575 569 1832 636 amicis.

178 668 440 729 Cernite
474 717 494 746 ,
548 665 959 753 compagni,
1007 659 1091 727 de
1133 663 1322 728 tantis
1370 659 1698 742 millibus,
1748 670 1954 730 unum‘
2022 746 2025 749 ,

176 759 331 822 Non
382 756 716 822 hominem
767 753 992 836 video,
1046 778 1174 822 non
1223 758 1335 846 qui
1383 756 1468 823 (τ)
1502 751 1874 843 lignaminis
1923 760 2135 828 ensem

172 847 555 916 Disfodra-re
599 853 793 931 sciat,
842 855 1022 938 pejus
1065 854 1255 915 tirare
1304 846 1642 917 stocatam.

173 944 266 1007 Hi
317 945 455 1008 sunt
486 993 507 1024 ,
559 965 715 1032 quos
763 957 1013 1008 tantum
1067 939 1427 1009 manifestat
1478 940 1675 1006 barba
1725 942 1984 1009 virilesz

175 1040 448 1100 Caetera
487 1040 879 1102 conveniunt
923 1037 1300 1103 mulier-ihus
1347 1051 1492 1125 apta
1541 1034 1934 1101 conocchiS.

22 1128 300 1211 r-,-;305ed
350 1127 501 1193 volo
547 1129 724 1218 quod
775 1128 1114 1219 pulchram
1155 1127 1473 1195 faciamus
1516 1150 1587 1194 or
1633 1150 1737 1194 ora
1786 1126 2215 1217 prodezzam'q

27 1215 528 1309 ·‘''‘Fingamus
577 1224 858 1310 quaeso,
906 1220 1224 1312 fingamus
1271 1220 1505 1286 habere
1551 1240 1817 1310 pausam

168 1319 273 1377 De
322 1317 660 1378 Meretrice
709 1311 857 1395 ista,
914 1337 1025 1403 per
1072 1338 1265 1405 quam
1315 1310 1540 1380 cunsta
1589 1314 1810 1377 omnia
1859 1329 2173 1404 puzzant,

164 1411 422 1472 Stemus
468 1421 530 1470 et
600 1409 827 1471 attenti
878 1429 1044 1495 quae
1094 1409 1280 1473 nobis
1327 1407 1564 1473 damna
1612 1421 1944 1495 parentur.

167 1497 365 1562 Talia
414 1518 563 1562 cum
610 1500 804 1563 sociis
852 1499 1011 1565 dum
1054 1498 1136 1565 fic
1186 1498 1268 1565 fic
1321 1498 1561 1565 Baldus
1609 1499 1911 1582 acordat,

173 1596 346 1655 Ecce
389 1592 871 1679 propinquabat
916 1591 1181 1658 tandem
1230 1595 1482 1682 Regina
1533 1594 1843 1658 striarum

167 1677 487 1760 Gulfora,
537 1704 700 1768 quae
753 1705 1012 1750 cernens
1062 1700 1335 1751 armatos
1382 1682 1531 1751 stare
1580 1691 1893 1760 Batones,

171 1779 239 1838 0
283 1771 367 1835 (2)
417 1771 728 1860 la,·-quid,
775 1776 1008 1862 inquit,
1055 1775 1332 1842 adest?o
1376 1800 1471 1841 res
1515 1764 1642 1840 no'n
1695 1774 1955 1862 cognita
2009 1775 2315 1857 maium!¹

182 1866 470 1930 Cernitis
519 1863 905 1947 humanam,
954 1890 1084 1956 quo
1129 1883 1306 1935 tanta
1351 1871 1536 1957 pazia
1566 1919 1586 1948 ,
1643 1867 2015 1953 brigatam?

171 1958 307 2041 Qui
360 1959 502 2021 sunt
546 1956 614 2021 hi
667 1959 918 2024 Porci?
954 1964 1069 2050 qui
1116 1964 1259 2027 sunt
1310 1959 1379 2025 hi
1433 1961 1639 2026 brutta
1687 1958 2032 2022 somenza?

173 2048 494 2136 Nunquid
544 2049 783 2115 habent
827 2057 1050 2119 animo
1097 2072 1228 2120 tam
1279 2053 1586 2141 grandem
1624 2049 1705 2118 (3)
1729 2054 2256 2139 prosopopoeiam
2286 2096 2314 2128 .

171 2148 264 2207 Ut
313 2163 452 2206 mea
500 2144 904 2230 praesumant
949 2150 1182 2212 intrare
1227 2148 1311 2211 ad
1358 2152 1587 2231 Regna
1631 2140 1904 2231 gajoffi?

55 2310 58 2315 ,
165 2237 479 2312 Dixerat,
527 2249 590 2298 et
631 2237 884 2324 spazzat
934 2239 1368 2305 Trombettam
1421 2238 1702 2326 protinus
1752 2255 1992 2313 unum,

46 2378 51 2405 ί
171 2333 266 2391 Ut
316 2329 474 2390 sciat
523 2325 693 2391 unde
747 2329 1087 2396 hominum
1137 2334 1352 2396 veniat
1405 2327 1721 2393 baldanza
1769 2326 2129 2407 maiorum,

161 2421 299 2502 Qi
355 2415 590 2482 bastent
637 2422 925 2485 anImum
976 2419 1058 2485 fic
1107 2420 1534 2486 tedia-subire
1577 2428 1906 2484 Deorum.

173 2512 296 2575 Ille
343 2509 800 2597 galoppando,
851 2535 977 2579 non
1026 2517 1268 2603 spiccat
1310 2514 1393 2577 ab
1443 2536 1553 2577 ore
1603 2533 1943 2589 canoram,

170 2610 319 2667 Tou
358 2619 649 2666 taranran
697 2601 914 2670 frifolo
958 2607 1316 2685 trombam,
1368 2603 1452 2669 fin
1502 2604 1710 2669 donec
1761 2606 2016 2682 arivat,

173 2691 415 2759 Baldus
460 2693 575 2757 ubi
608 2744 628 2773 ,
671 2700 1078 2786 comitesque
1129 2714 1424 2777 manent,
1479 2697 1847 2787 finguntque
1897 2712 2201 2783 pauram.
2293 2744 2300 2754 .,

174 2787 277 2851 Ad
328 2808 483 2874 quos
534 2784 632 2848 his
688 2788 891 2876 parlat
938 2789 1126 2855 diffls
1170 2791 1541 2856 Trombetta
1592 2787 1878 2878 superbis
1909 2834 1927 2850 .

178 2886 236 2942 O
283 2878 766 2962 PoltronzoneS,
818 2903 981 2970 quae
1025 2877 1347 2971 phantafia
1398 2883 1701 2968 guidavit
1794 2913 1796 2915 ·

174 2972 281 3035 Sic
333 2993 439 3035 vos
489 2977 567 3039 (4)
612 2996 723 3064 per
772 2975 1108 3042 dominum
1153 2973 1424 3041 nostrum
1453 3026 1473 3055 ,
1527 2972 1606 3040 fic
1647 2973 1881 3059 absque
1930 2965 2255 3113 ι’ἰὲιιειὲἰὲε

170 3285 249 3341 qui
287 3284 434 3329 valeat
468 3287 657 3334 educere
700 3319 715 3341 ,
748 3304 840 3334 uon
875 3290 1010 3336 video
1052 3321 1066 3337 .
1117 3292 1202 3337 Di·
1266 3287 1452 3336 dicendi
1488 3287 1648 3331 modus
1682 3285 1870 3327 ufitatus
1894 3309 1907 3323 .

173 3346 294 3389 stum
323 3347 383 3396 *ad
418 3362 734 3407 contemptum
761 3383 773 3394 .
1334 3351 1349 3401 (
1376 3352 1440 3406 4)
1475 3352 1544 3393 Sic
1566 3361 1641 3391 vos
1674 3358 1748 3402 per
1772 3349 2022 3387 Dominum.
2074 3341 2202 3384 Haec
2240 3351 2318 3393 pa·

234 3408 251 3458 (
276 3423 299 3449 2
324 3410 339 3460 )
381 3413 414 3451 0
448 3410 506 3461 la,
527 3412 634 3466 quid
655 3442 669 3463 ,
686 3416 826 3467 inquit
846 3441 862 3453 .
896 3411 1146 3471 Tanquam
1173 3412 1202 3457 fi
1273 3410 1652 3469 riterplebeculae
1675 3405 1847 3450 nostrae
1867 3401 2072 3459 vulgaris
2101 3400 2312 3468 formula,

171 3464 230 3512 de
265 3467 356 3512 illis
380 3469 584 3519 nondum
605 3485 736 3519 antea
759 3473 922 3520 certior
954 3474 1068 3521 fasta
1092 3474 1203 3520 fuis·
1271 3471 1515 3517 intendens
1549 3466 1802 3528 significare
1823 3496 1837 3517 ,
1869 3463 2055 3522 quando
2087 3474 2189 3520 quis
2224 3472 2314 3504 un·

173 3528 218 3575 se
238 3557 255 3583 .
293 3529 487 3578 miratur
507 3572 520 3582 ,
1255 3533 1422 3580 merito
1454 3532 1571 3578 beno
1604 3529 1763 3586 aliquo
1804 3527 1986 3587 potitur
2008 3552 2022 3569 .

234 3227 300 3276 (r
334 3225 349 3276 )
391 3228 653 3285 Lignaminis
673 3252 694 3270 ο
763 3225 995 3287 Ligneum
1047 3230 1198 3276 ensem
1327 3225 1343 3280 (
1372 3240 1393 3284 3
1421 3229 1437 3281 )
1475 3223 1842 3283 Prosopopoejam.
1866 3217 2142 3265 Audaciam.
2166 3213 2312 3261 Nobis
2397 3263 2422 3284 ⁹
