<?xml version="1.0" encoding="UTF-8"?>
<!DOCTYPE html PUBLIC "-//W3C//DTD XHTML 1.0 Transitional//EN"
    "http://www.w3.org/TR/xhtml1/DTD/xhtml1-transitional.dtd">
<html xmlns="http://www.w3.org/1999/xhtml" xml:lang="en" lang="en">
 <head>
  <title>
</title>
<meta http-equiv="Content-Type" content="text/html;charset=utf-8" />
  <meta name='ocr-system' content='tesseract 3.04.00' />
  <meta name='ocr-capabilities' content='ocr_page ocr_carea ocr_par ocr_line ocrx_word'/>
</head>
<body>
  <div class='ocr_page' id='page_1' title='image "./opusmacaronicumn00foleuoft_0529.png"; bbox 0 0 2808 4172; ppageno 0'>
   <div class='ocr_carea' id='block_1_1' title="bbox 757 204 2137 295">
    <p class='ocr_par' dir='ltr' id='par_1_1' title="bbox 757 204 2137 295">
     <span class='ocr_line' id='line_1_1' title="bbox 757 204 2137 295; baseline 0.004 -16"><span class='ocrx_word' id='word_1_1' title='bbox 757 204 1550 295; x_wconf 73' lang='lat' dir='ltr'><em>MERLINIJ</em></span> <span class='ocrx_word' id='word_1_2' title='bbox 1993 214 2137 286; x_wconf 64' lang='lat' dir='ltr'>izi</span> 
     </span>
    </p>
   </div>
   <div class='ocr_carea' id='block_1_2' title="bbox 0 357 2260 2947">
    <p class='ocr_par' dir='ltr' id='par_1_2' title="bbox 0 357 2260 2947">
     <span class='ocr_line' id='line_1_2' title="bbox 81 357 1909 454; baseline -0.002 -23"><span class='ocrx_word' id='word_1_3' title='bbox 81 360 354 452; x_wconf 80' lang='lat' dir='ltr'>Qando</span> <span class='ocrx_word' id='word_1_4' title='bbox 403 357 672 424; x_wconf 87' lang='lat' dir='ltr'>Lironus</span> <span class='ocrx_word' id='word_1_5' title='bbox 718 360 866 447; x_wconf 90' lang='lat' dir='ltr'>equi</span> <span class='ocrx_word' id='word_1_6' title='bbox 919 359 1174 426; x_wconf 86' lang='lat' dir='ltr'><strong>bridam</strong></span> <span class='ocrx_word' id='word_1_7' title='bbox 1223 361 1400 428; x_wconf 90' lang='lat' dir='ltr'>videt</span> <span class='ocrx_word' id='word_1_8' title='bbox 1450 365 1577 427; x_wconf 86' lang='lat' dir='ltr'>esse</span> <span class='ocrx_word' id='word_1_9' title='bbox 1626 360 1909 454; x_wconf 78' lang='lat' dir='ltr'>piatam,</span> 
     </span>
     <span class='ocr_line' id='line_1_3' title="bbox 92 449 2004 547; baseline -0.003 -20"><span class='ocrx_word' id='word_1_10' title='bbox 92 456 399 547; x_wconf 87' lang='lat' dir='ltr'>obstupet</span> <span class='ocrx_word' id='word_1_11' title='bbox 446 453 527 520; x_wconf 87' lang='lat'>(1)</span> <span class='ocrx_word' id='word_1_12' title='bbox 575 449 654 516; x_wconf 91' lang='lat' dir='ltr'>ad</span> <span class='ocrx_word' id='word_1_13' title='bbox 702 455 971 541; x_wconf 86' lang='lat' dir='ltr'>primam</span> <span class='ocrx_word' id='word_1_14' title='bbox 1021 450 1255 521; x_wconf 86' lang='lat' dir='ltr'>faciem</span> <span class='ocrx_word' id='word_1_15' title='bbox 1308 456 1631 546; x_wconf 88' lang='lat' dir='ltr'>pensando</span> <span class='ocrx_word' id='word_1_16' title='bbox 1681 461 2004 545; x_wconf 83' lang='lat' dir='ltr'>vigorem,</span> 
     </span>
     <span class='ocr_line' id='line_1_4' title="bbox 85 539 1996 638; baseline -0.003 -18"><span class='ocrx_word' id='word_1_17' title='bbox 85 556 183 620; x_wconf 76' lang='lat' dir='ltr'>Ac</span> <span class='ocrx_word' id='word_1_18' title='bbox 225 555 520 618; x_wconf 86' lang='lat' dir='ltr'>animum</span> <span class='ocrx_word' id='word_1_19' title='bbox 574 539 949 611; x_wconf 68' lang='lat' dir='ltr'>Baldi‘tam</span> <span class='ocrx_word' id='word_1_20' title='bbox 999 542 1264 633; x_wconf 82' lang='lat' dir='ltr'>fortem,</span> <span class='ocrx_word' id='word_1_21' title='bbox 1310 564 1567 638; x_wconf 87' lang='lat' dir='ltr'>tamque</span> <span class='ocrx_word' id='word_1_22' title='bbox 1619 549 1996 637; x_wconf 80' lang='lat' dir='ltr'>superbum.</span> 
     </span>
     <span class='ocr_line' id='line_1_5' title="bbox 84 632 1853 730; baseline -0.001 -21"><span class='ocrx_word' id='word_1_23' title='bbox 84 644 432 730; x_wconf 76' lang='lat' dir='ltr'>Quomodo</span> <span class='ocrx_word' id='word_1_24' title='bbox 482 639 578 706; x_wconf 89' lang='lat' dir='ltr'>vir</span> <span class='ocrx_word' id='word_1_25' title='bbox 625 636 831 703; x_wconf 88' lang='lat' dir='ltr'>nudus</span> <span class='ocrx_word' id='word_1_26' title='bbox 883 632 962 702; x_wconf 86' lang='lat' dir='ltr'>fic</span> <span class='ocrx_word' id='word_1_27' title='bbox 1014 638 1194 729; x_wconf 89' lang='lat' dir='ltr'>poffit</span> <span class='ocrx_word' id='word_1_28' title='bbox 1244 639 1423 707; x_wconf 86' lang='lat' dir='ltr'>usare</span> <span class='ocrx_word' id='word_1_29' title='bbox 1464 645 1853 710; x_wconf 84' lang='lat' dir='ltr'>-bravuram.</span> 
     </span>
     <span class='ocr_line' id='line_1_6' title="bbox 82 729 2068 828; baseline -0.002 -23"><span class='ocrx_word' id='word_1_30' title='bbox 82 743 390 805; x_wconf 82' lang='lat' dir='ltr'>Attamen</span> <span class='ocrx_word' id='word_1_31' title='bbox 444 738 512 799; x_wconf 86' lang='lat' dir='ltr'>in</span> <span class='ocrx_word' id='word_1_32' title='bbox 556 729 835 797; x_wconf 87' lang='lat' dir='ltr'>coleram</span> <span class='ocrx_word' id='word_1_33' title='bbox 886 729 1110 817; x_wconf 85' lang='lat' dir='ltr'>saltat,</span> <span class='ocrx_word' id='word_1_34' title='bbox 1167 743 1537 828; x_wconf 88' lang='lat' dir='ltr'>spronatque</span> <span class='ocrx_word' id='word_1_35' title='bbox 1587 731 1952 816; x_wconf 83' lang='lat' dir='ltr'>cavallum,</span> <span class='ocrx_word' id='word_1_36' title='bbox 2014 779 2017 781; x_wconf 90' lang='lat'><em>-</em></span> <span class='ocrx_word' id='word_1_37' title='bbox 2065 772 2068 773; x_wconf 36' lang='lat'><em>⁷</em></span> 
     </span>
     <span class='ocr_line' id='line_1_7' title="bbox 58 823 1971 921; baseline -0.002 -25"><span class='ocrx_word' id='word_1_38' title='bbox 58 839 403 921; x_wconf 26' lang='lat' dir='ltr'>&#39;Quattuor</span> <span class='ocrx_word' id='word_1_39' title='bbox 448 844 519 894; x_wconf 90' lang='lat' dir='ltr'>ut</span> <span class='ocrx_word' id='word_1_40' title='bbox 566 823 839 915; x_wconf 84' lang='lat' dir='ltr'>pedibus</span> <span class='ocrx_word' id='word_1_41' title='bbox 891 825 1099 894; x_wconf 86' lang='lat' dir='ltr'>Baldo</span> <span class='ocrx_word' id='word_1_42' title='bbox 1119 831 1452 897; x_wconf 85' lang='lat' dir='ltr'>·slanzaret</span> <span class='ocrx_word' id='word_1_43' title='bbox 1500 834 1585 900; x_wconf 88' lang='lat'>(2)</span> <span class='ocrx_word' id='word_1_44' title='bbox 1632 827 1971 896; x_wconf 88' lang='lat' dir='ltr'>adossum.</span> 
     </span>
     <span class='ocr_line' id='line_1_8' title="bbox 83 919 1699 1007; baseline -0.002 -16"><span class='ocrx_word' id='word_1_45' title='bbox 83 925 209 991; x_wconf 88' lang='lat' dir='ltr'>Sed</span> <span class='ocrx_word' id='word_1_46' title='bbox 261 923 503 990; x_wconf 86' lang='lat' dir='ltr'>Baldus</span> <span class='ocrx_word' id='word_1_47' title='bbox 554 920 768 1002; x_wconf 81' lang='lat' dir='ltr'>subito</span> <span class='ocrx_word' id='word_1_48' title='bbox 819 919 878 981; x_wconf 84' lang='lat' dir='ltr'>se</span> <span class='ocrx_word' id='word_1_49' title='bbox 926 922 987 985; x_wconf 84' lang='lat' dir='ltr'>se</span> <span class='ocrx_word' id='word_1_50' title='bbox 1033 921 1117 987; x_wconf 91' lang='lat' dir='ltr'>da</span> <span class='ocrx_word' id='word_1_51' title='bbox 1178 924 1388 991; x_wconf 86' lang='lat' dir='ltr'>banda</span> <span class='ocrx_word' id='word_1_52' title='bbox 1434 929 1699 1007; x_wconf 87' lang='lat' dir='ltr'>tiravit,</span> 
     </span>
     <span class='ocr_line' id='line_1_9' title="bbox 80 1012 1921 1107; baseline -0.001 -24"><span class='ocrx_word' id='word_1_53' title='bbox 80 1021 294 1107; x_wconf 84' lang='lat' dir='ltr'>Atque</span> <span class='ocrx_word' id='word_1_54' title='bbox 343 1037 537 1083; x_wconf 86' lang='lat' dir='ltr'>unam</span> <span class='ocrx_word' id='word_1_55' title='bbox 589 1012 807 1077; x_wconf 88' lang='lat' dir='ltr'>subter</span> <span class='ocrx_word' id='word_1_56' title='bbox 858 1012 1058 1082; x_wconf 88' lang='lat' dir='ltr'>costas</span> <span class='ocrx_word' id='word_1_57' title='bbox 1112 1016 1390 1085; x_wconf 85' lang='lat' dir='ltr'>laxando</span> <span class='ocrx_word' id='word_1_58' title='bbox 1433 1021 1517 1090; x_wconf 79' lang='lat'>(3)</span> <span class='ocrx_word' id='word_1_59' title='bbox 1566 1018 1921 1097; x_wconf 57' lang='lat' dir='ltr'>stocatam,</span> 
     </span>
     <span class='ocr_line' id='line_1_10' title="bbox 83 1105 1553 1194; baseline 0.001 -18"><span class='ocrx_word' id='word_1_60' title='bbox 83 1114 270 1176; x_wconf 89' lang='lat' dir='ltr'>Fecit</span> <span class='ocrx_word' id='word_1_61' title='bbox 324 1113 560 1177; x_wconf 90' lang='lat' dir='ltr'>Lirono</span> <span class='ocrx_word' id='word_1_62' title='bbox 608 1105 890 1172; x_wconf 85' lang='lat' dir='ltr'>multum</span> <span class='ocrx_word' id='word_1_63' title='bbox 941 1129 1239 1178; x_wconf 87' lang='lat' dir='ltr'>mancare</span> <span class='ocrx_word' id='word_1_64' title='bbox 1283 1111 1502 1178; x_wconf 88' lang='lat' dir='ltr'>fiatum</span> <span class='ocrx_word' id='word_1_65' title='bbox 1534 1165 1553 1194; x_wconf 95' lang='lat'>,</span> 
     </span>
     <span class='ocr_line' id='line_1_11' title="bbox 89 1201 1854 1292; baseline -0.002 -22"><span class='ocrx_word' id='word_1_66' title='bbox 89 1201 321 1270; x_wconf 90' lang='lat' dir='ltr'>Defuit</span> <span class='ocrx_word' id='word_1_67' title='bbox 370 1221 432 1270; x_wconf 90' lang='lat' dir='ltr'>et</span> <span class='ocrx_word' id='word_1_68' title='bbox 476 1223 757 1292; x_wconf 86' lang='lat' dir='ltr'>pocum,</span> <span class='ocrx_word' id='word_1_69' title='bbox 807 1211 966 1290; x_wconf 87' lang='lat' dir='ltr'>quin</span> <span class='ocrx_word' id='word_1_70' title='bbox 1010 1230 1092 1273; x_wconf 86' lang='lat' dir='ltr'>ex</span> <span class='ocrx_word' id='word_1_71' title='bbox 1138 1228 1367 1272; x_wconf 86' lang='lat' dir='ltr'>arzone</span> <span class='ocrx_word' id='word_1_72' title='bbox 1414 1206 1500 1274; x_wconf 82' lang='lat'>(4)</span> <span class='ocrx_word' id='word_1_73' title='bbox 1549 1217 1854 1272; x_wconf 86' lang='lat' dir='ltr'>tomaret.</span> 
     </span>
     <span class='ocr_line' id='line_1_12' title="bbox 219 1292 2136 1386; baseline 0 -25"><span class='ocrx_word' id='word_1_74' title='bbox 219 1351 241 1386; x_wconf 63' lang='lat' dir='ltr'><em>e</em></span> <span class='ocrx_word' id='word_1_75' title='bbox 273 1304 398 1362; x_wconf 88' lang='lat' dir='ltr'>Ter</span> <span class='ocrx_word' id='word_1_76' title='bbox 441 1292 631 1360; x_wconf 81' lang='lat' dir='ltr'>mille</span> <span class='ocrx_word' id='word_1_77' title='bbox 669 1303 910 1363; x_wconf 85' lang='lat' dir='ltr'>armati·</span> <span class='ocrx_word' id='word_1_78' title='bbox 947 1304 1213 1366; x_wconf 84' lang='lat' dir='ltr'>veniunt</span> <span class='ocrx_word' id='word_1_79' title='bbox 1264 1304 1576 1367; x_wconf 86' lang='lat' dir='ltr'>insemma</span> <span class='ocrx_word' id='word_1_80' title='bbox 1624 1297 1706 1366; x_wconf 87' lang='lat'>(5)</span> <span class='ocrx_word' id='word_1_81' title='bbox 1754 1299 2136 1378; x_wconf 71' lang='lat' dir='ltr'>sbrajantes;</span> 
     </span>
     <span class='ocr_line' id='line_1_13' title="bbox 84 1387 1931 1484; baseline -0.001 -28"><span class='ocrx_word' id='word_1_82' title='bbox 84 1395 253 1473; x_wconf 85' lang='lat' dir='ltr'>Qos</span> <span class='ocrx_word' id='word_1_83' title='bbox 301 1387 728 1478; x_wconf 84' lang='lat' dir='ltr'>praecedebat</span> <span class='ocrx_word' id='word_1_84' title='bbox 780 1411 1048 1483; x_wconf 86' lang='lat' dir='ltr'>magnus</span> <span class='ocrx_word' id='word_1_85' title='bbox 1098 1397 1456 1484; x_wconf 84' lang='lat' dir='ltr'>capitanius</span> <span class='ocrx_word' id='word_1_86' title='bbox 1503 1396 1585 1463; x_wconf 88' lang='lat'>(6)</span> <span class='ocrx_word' id='word_1_87' title='bbox 1634 1390 1880 1481; x_wconf 88' lang='lat' dir='ltr'>Hippol</span> <span class='ocrx_word' id='word_1_88' title='bbox 1910 1441 1931 1470; x_wconf 88' lang='lat'>,</span> 
     </span>
     <span class='ocr_line' id='line_1_14' title="bbox 93 1479 1914 1578; baseline -0.002 -26"><span class='ocrx_word' id='word_1_89' title='bbox 93 1491 152 1547; x_wconf 91' lang='lat' dir='ltr'>O</span> <span class='ocrx_word' id='word_1_90' title='bbox 202 1490 514 1572; x_wconf 84' lang='lat' dir='ltr'>quantum</span> <span class='ocrx_word' id='word_1_91' title='bbox 569 1479 791 1563; x_wconf 80' lang='lat' dir='ltr'>fortis,</span> <span class='ocrx_word' id='word_1_92' title='bbox 842 1503 1151 1575; x_wconf 89' lang='lat' dir='ltr'>quantum</span> <span class='ocrx_word' id='word_1_93' title='bbox 1203 1485 1509 1578; x_wconf 72' lang='lat' dir='ltr'>proclivis</span> <span class='ocrx_word' id='word_1_94' title='bbox 1554 1484 1635 1550; x_wconf 89' lang='lat' dir='ltr'>ad</span> <span class='ocrx_word' id='word_1_95' title='bbox 1687 1487 1914 1549; x_wconf 81' lang='lat' dir='ltr'>arma!</span> 
     </span>
     <span class='ocr_line' id='line_1_15' title="bbox 92 1571 1788 1667; baseline -0.001 -25"><span class='ocrx_word' id='word_1_96' title='bbox 92 1574 432 1640; x_wconf 87' lang='lat' dir='ltr'>Terribilis</span> <span class='ocrx_word' id='word_1_97' title='bbox 474 1571 684 1654; x_wconf 82' lang='lat' dir='ltr'>facie,</span> <span class='ocrx_word' id='word_1_98' title='bbox 735 1579 997 1662; x_wconf 83' lang='lat' dir='ltr'>quando</span> <span class='ocrx_word' id='word_1_99' title='bbox 1047 1577 1222 1645; x_wconf 88' lang='lat' dir='ltr'>furor</span> <span class='ocrx_word' id='word_1_100' title='bbox 1276 1582 1502 1667; x_wconf 83' lang='lat' dir='ltr'>arripit</span> <span class='ocrx_word' id='word_1_101' title='bbox 1551 1576 1788 1658; x_wconf 82' lang='lat' dir='ltr'>il-lum,</span> 
     </span>
     <span class='ocr_line' id='line_1_16' title="bbox 93 1665 1917 1759; baseline -0.003 -23"><span class='ocrx_word' id='word_1_102' title='bbox 93 1678 292 1736; x_wconf 90' lang='lat' dir='ltr'>Totus</span> <span class='ocrx_word' id='word_1_103' title='bbox 342 1665 449 1732; x_wconf 89' lang='lat' dir='ltr'>sed</span> <span class='ocrx_word' id='word_1_104' title='bbox 503 1665 799 1755; x_wconf 89' lang='lat' dir='ltr'>placidus</span> <span class='ocrx_word' id='word_1_105' title='bbox 838 1723 856 1751; x_wconf 92' lang='lat'>,</span> <span class='ocrx_word' id='word_1_106' title='bbox 909 1677 1018 1740; x_wconf 83' lang='lat' dir='ltr'>sua</span> <span class='ocrx_word' id='word_1_107' title='bbox 1063 1694 1271 1759; x_wconf 79' lang='lat' dir='ltr'>quum</span> <span class='ocrx_word' id='word_1_108' title='bbox 1314 1688 1537 1753; x_wconf 80' lang='lat' dir='ltr'>natura</span> <span class='ocrx_word' id='word_1_109' title='bbox 1587 1672 1917 1739; x_wconf 85' lang='lat' dir='ltr'>manebat.</span> 
     </span>
     <span class='ocr_line' id='line_1_17' title="bbox 93 1758 1773 1850; baseline 0 -23"><span class='ocrx_word' id='word_1_110' title='bbox 93 1758 235 1850; x_wconf 90' lang='lat' dir='ltr'>Ipse</span> <span class='ocrx_word' id='word_1_111' title='bbox 283 1762 537 1825; x_wconf 87' lang='lat' dir='ltr'>Lironis</span> <span class='ocrx_word' id='word_1_112' title='bbox 582 1775 717 1823; x_wconf 83' lang='lat' dir='ltr'>erat</span> <span class='ocrx_word' id='word_1_113' title='bbox 771 1760 958 1832; x_wconf 86' lang='lat' dir='ltr'>frater</span> <span class='ocrx_word' id='word_1_114' title='bbox 988 1815 1007 1845; x_wconf 93' lang='lat'>,</span> <span class='ocrx_word' id='word_1_115' title='bbox 1058 1764 1362 1831; x_wconf 84' lang='lat' dir='ltr'>Corsa-rus</span> <span class='ocrx_word' id='word_1_116' title='bbox 1392 1815 1412 1845; x_wconf 88' lang='lat'>,</span> <span class='ocrx_word' id='word_1_117' title='bbox 1466 1780 1530 1828; x_wconf 90' lang='lat' dir='ltr'>et</span> <span class='ocrx_word' id='word_1_118' title='bbox 1575 1779 1773 1827; x_wconf 85' lang='lat' dir='ltr'>artem</span> 
     </span>
     <span class='ocr_line' id='line_1_18' title="bbox 91 1851 1427 1937; baseline 0.001 -18"><span class='ocrx_word' id='word_1_119' title='bbox 91 1853 376 1919; x_wconf 85' lang='lat' dir='ltr'>Militiae</span> <span class='ocrx_word' id='word_1_120' title='bbox 424 1852 621 1917; x_wconf 89' lang='lat' dir='ltr'>denos</span> <span class='ocrx_word' id='word_1_121' title='bbox 676 1851 1138 1937; x_wconf 71' lang='lat' dir='ltr'>exercitaverat</span> <span class='ocrx_word' id='word_1_122' title='bbox 1182 1881 1427 1924; x_wconf 79' lang='lat' dir='ltr'>annos,</span> 
     </span>
     <span class='ocr_line' id='line_1_19' title="bbox 94 1941 1905 2042; baseline 0.001 -30"><span class='ocrx_word' id='word_1_123' title='bbox 94 1947 277 2012; x_wconf 81' lang='lat' dir='ltr'>Ultra</span> <span class='ocrx_word' id='word_1_124' title='bbox 327 1944 632 2012; x_wconf 83' lang='lat' dir='ltr'>misuram</span> <span class='ocrx_word' id='word_1_125' title='bbox 682 1941 809 2013; x_wconf 88' lang='lat' dir='ltr'>fuit</span> <span class='ocrx_word' id='word_1_126' title='bbox 853 1952 1101 2042; x_wconf 76' lang='lat' dir='ltr'>Hippoi</span> <span class='ocrx_word' id='word_1_127' title='bbox 1161 1951 1269 2019; x_wconf 87' lang='lat' dir='ltr'>iste</span> <span class='ocrx_word' id='word_1_128' title='bbox 1327 1948 1668 2039; x_wconf 77' lang='lat' dir='ltr'>gajarduS,</span> <span class='ocrx_word' id='word_1_129' title='bbox 1900 2025 1905 2027; x_wconf 35' lang='lat'><strong><em>‚</em></strong></span> 
     </span>
     <span class='ocr_line' id='line_1_20' title="bbox 92 2037 2009 2133; baseline -0.001 -28.137"><span class='ocrx_word' id='word_1_130' title='bbox 92 2040 460 2118; x_wconf 74' lang='lat' dir='ltr'>Scaltritu3‚</span> <span class='ocrx_word' id='word_1_131' title='bbox 513 2043 881 2130; x_wconf 85' lang='lat' dir='ltr'>guerrisque</span> <span class='ocrx_word' id='word_1_132' title='bbox 933 2045 1196 2125; x_wconf 83' lang='lat' dir='ltr'>avidus,</span> <span class='ocrx_word' id='word_1_133' title='bbox 1263 2042 1597 2133; x_wconf 83' lang='lat' dir='ltr'>famaeque</span> <span class='ocrx_word' id='word_1_134' title='bbox 1629 2042 1732 2109; x_wconf 68' lang='lat'>(7)</span> <span class='ocrx_word' id='word_1_135' title='bbox 1780 2037 2009 2107; x_wconf 83' lang='lat' dir='ltr'>fititor.</span> 
     </span>
     <span class='ocr_line' id='line_1_21' title="bbox 0 2131 1875 2224; baseline 0 -26"><span class='ocrx_word' id='word_1_136' title='bbox 0 2133 1 2141; x_wconf 64' lang='lat'><em>&#39;</em></span> <span class='ocrx_word' id='word_1_137' title='bbox 90 2138 242 2198; x_wconf 87' lang='lat' dir='ltr'>Non</span> <span class='ocrx_word' id='word_1_138' title='bbox 295 2131 599 2219; x_wconf 87' lang='lat' dir='ltr'>equidem</span> <span class='ocrx_word' id='word_1_139' title='bbox 653 2154 928 2201; x_wconf 87' lang='lat' dir='ltr'>mancus</span> <span class='ocrx_word' id='word_1_140' title='bbox 978 2140 1214 2203; x_wconf 84' lang='lat' dir='ltr'>Lirono</span> <span class='ocrx_word' id='word_1_141' title='bbox 1264 2135 1460 2202; x_wconf 56' lang='lat' dir='ltr'>&#39;fratre</span> <span class='ocrx_word' id='word_1_142' title='bbox 1507 2131 1875 2224; x_wconf 51' lang='lat' dir='ltr'>gajarduss</span> 
     </span>
     <span class='ocr_line' id='line_1_22' title="bbox 97 2227 2259 2317; baseline 0.001 -29"><span class='ocrx_word' id='word_1_143' title='bbox 97 2235 384 2311; x_wconf 73' lang='lat' dir='ltr'>Quorum</span> <span class='ocrx_word' id='word_1_144' title='bbox 429 2229 560 2303; x_wconf 83' lang='lat' dir='ltr'>jam</span> <span class='ocrx_word' id='word_1_145' title='bbox 608 2240 823 2290; x_wconf 87' lang='lat' dir='ltr'>totum</span> <span class='ocrx_word' id='word_1_146' title='bbox 867 2230 1173 2294; x_wconf 75' lang='lat' dir='ltr'>cantabat</span> <span class='ocrx_word' id='word_1_147' title='bbox 1231 2227 1402 2296; x_wconf 87' lang='lat' dir='ltr'>fama</span> <span class='ocrx_word' id='word_1_148' title='bbox 1451 2252 1560 2317; x_wconf 84' lang='lat' dir='ltr'>per</span> <span class='ocrx_word' id='word_1_149' title='bbox 1604 2227 1863 2291; x_wconf 89' lang='lat' dir='ltr'>orbem.</span> <span class='ocrx_word' id='word_1_150' title='bbox 2255 2299 2259 2304; x_wconf 49' lang='grc'>,</span> 
     </span>
     <span class='ocr_line' id='line_1_23' title="bbox 284 2315 2212 2404; baseline 0.001 -24"><span class='ocrx_word' id='word_1_151' title='bbox 284 2321 367 2381; x_wconf 89' lang='lat' dir='ltr'>At</span> <span class='ocrx_word' id='word_1_152' title='bbox 410 2336 610 2404; x_wconf 88' lang='lat' dir='ltr'>quum</span> <span class='ocrx_word' id='word_1_153' title='bbox 660 2322 1031 2386; x_wconf 78' lang='lat' dir='ltr'>Virmazzus</span> <span class='ocrx_word' id='word_1_154' title='bbox 1085 2321 1331 2387; x_wconf 84' lang='lat' dir='ltr'>bellum</span> <span class='ocrx_word' id='word_1_155' title='bbox 1385 2320 1560 2393; x_wconf 83' lang='lat' dir='ltr'>videt</span> <span class='ocrx_word' id='word_1_156' title='bbox 1620 2315 1738 2381; x_wconf 82' lang='lat' dir='ltr'>effe</span> <span class='ocrx_word' id='word_1_157' title='bbox 1783 2316 2212 2392; x_wconf 55' lang='lat' dir='ltr'>comenzumss</span> 
     </span>
     <span class='ocr_line' id='line_1_24' title="bbox 100 2405 2048 2503; baseline -0.002 -26"><span class='ocrx_word' id='word_1_158' title='bbox 100 2421 161 2478; x_wconf 92' lang='lat' dir='ltr'>It</span> <span class='ocrx_word' id='word_1_159' title='bbox 203 2409 369 2474; x_wconf 86' lang='lat' dir='ltr'>celer</span> <span class='ocrx_word' id='word_1_160' title='bbox 418 2405 734 2476; x_wconf 84' lang='lat' dir='ltr'>ad·fustas</span> <span class='ocrx_word' id='word_1_161' title='bbox 788 2414 869 2482; x_wconf 80' lang='grc'>(8)</span> <span class='ocrx_word' id='word_1_162' title='bbox 900 2467 918 2494; x_wconf 87' lang='grc'><em>,</em></span> <span class='ocrx_word' id='word_1_163' title='bbox 974 2417 1252 2502; x_wconf 85' lang='lat' dir='ltr'>sequitur</span> <span class='ocrx_word' id='word_1_164' title='bbox 1302 2409 1695 2503; x_wconf 81' lang='lat' dir='ltr'>Malaspina,</span> <span class='ocrx_word' id='word_1_165' title='bbox 1751 2432 1867 2473; x_wconf 88' lang='lat' dir='ltr'>nec</span> <span class='ocrx_word' id='word_1_166' title='bbox 1919 2409 2048 2495; x_wconf 85' lang='lat' dir='ltr'>ipse</span> 
     </span>
     <span class='ocr_line' id='line_1_25' title="bbox 102 2497 1940 2594; baseline -0.002 -24"><span class='ocrx_word' id='word_1_167' title='bbox 102 2503 343 2570; x_wconf 88' lang='lat' dir='ltr'>Tardat</span> <span class='ocrx_word' id='word_1_168' title='bbox 395 2497 768 2585; x_wconf 81' lang='lat' dir='ltr'>Malfattus,</span> <span class='ocrx_word' id='word_1_169' title='bbox 822 2510 1057 2593; x_wconf 85' lang='lat' dir='ltr'>pariter</span> <span class='ocrx_word' id='word_1_170' title='bbox 1113 2510 1223 2594; x_wconf 87' lang='lat' dir='ltr'>qui</span> <span class='ocrx_word' id='word_1_171' title='bbox 1265 2505 1521 2572; x_wconf 82' lang='lat' dir='ltr'>occulte</span> <span class='ocrx_word' id='word_1_172' title='bbox 1574 2505 1940 2579; x_wconf 85' lang='lat' dir='ltr'>caminant,</span> 
     </span>
     <span class='ocr_line' id='line_1_26' title="bbox 105 2599 1615 2686; baseline 0 -25"><span class='ocrx_word' id='word_1_173' title='bbox 105 2604 184 2661; x_wconf 88' lang='lat' dir='ltr'>Et</span> <span class='ocrx_word' id='word_1_174' title='bbox 231 2601 440 2675; x_wconf 82' lang='lat' dir='ltr'>jurant</span> <span class='ocrx_word' id='word_1_175' title='bbox 493 2612 759 2680; x_wconf 89' lang='lat' dir='ltr'>quantos</span> <span class='ocrx_word' id='word_1_176' title='bbox 807 2605 1059 2686; x_wconf 76' lang='lat' dir='ltr'>Pyratas¹</span> <span class='ocrx_word' id='word_1_177' title='bbox 1107 2599 1227 2665; x_wconf 82' lang='lat' dir='ltr'>effe</span> <span class='ocrx_word' id='word_1_178' title='bbox 1284 2599 1615 2677; x_wconf 83' lang='lat' dir='ltr'>catabunt,</span> 
     </span>
     <span class='ocr_line' id='line_1_27' title="bbox 111 2686 1997 2758; baseline 0 -5"><span class='ocrx_word' id='word_1_179' title='bbox 111 2686 216 2753; x_wconf 78' lang='lat' dir='ltr'>Ad</span> <span class='ocrx_word' id='word_1_180' title='bbox 268 2686 837 2757; x_wconf 86' lang='lat' dir='ltr'>scavezza·collum</span> <span class='ocrx_word' id='word_1_181' title='bbox 890 2693 972 2757; x_wconf 87' lang='grc'>(9)</span> <span class='ocrx_word' id='word_1_182' title='bbox 1008 2694 1226 2758; x_wconf 84' lang='lat' dir='ltr'>omnes</span> <span class='ocrx_word' id='word_1_183' title='bbox 1278 2692 1525 2758; x_wconf 88' lang='lat' dir='ltr'>buttare</span> <span class='ocrx_word' id='word_1_184' title='bbox 1574 2689 1900 2755; x_wconf 86' lang='lat' dir='ltr'>deorsum.</span> <span class='ocrx_word' id='word_1_185' title='bbox 1992 2717 1997 2721; x_wconf 88' lang='lat'><em>·</em></span> 
     </span>
     <span class='ocr_line' id='line_1_28' title="bbox 112 2776 1898 2862; baseline -0.001 -15"><span class='ocrx_word' id='word_1_186' title='bbox 112 2776 602 2847; x_wconf 72' lang='lat' dir='ltr'>Fracaffirsnon</span> <span class='ocrx_word' id='word_1_187' title='bbox 652 2780 793 2844; x_wconf 87' lang='lat' dir='ltr'>vult</span> <span class='ocrx_word' id='word_1_188' title='bbox 839 2781 1109 2847; x_wconf 85' lang='lat' dir='ltr'>caudam</span> <span class='ocrx_word' id='word_1_189' title='bbox 1161 2784 1378 2850; x_wconf 87' lang='lat' dir='ltr'>laxare</span> <span class='ocrx_word' id='word_1_190' title='bbox 1428 2781 1548 2852; x_wconf 84' lang='lat'>(10)</span> <span class='ocrx_word' id='word_1_191' title='bbox 1600 2780 1898 2862; x_wconf 84' lang='lat' dir='ltr'>balenae,</span> 
     </span>
     <span class='ocr_line' id='line_1_29' title="bbox 1228 2873 2260 2947; baseline -0.002 -23"><span class='ocrx_word' id='word_1_192' title='bbox 1228 2882 1293 2947; x_wconf 81' lang='lat' dir='ltr'>Q</span> <span class='ocrx_word' id='word_1_193' title='bbox 1854 2899 1856 2901; x_wconf 55' lang='lat'>&gt;</span> <span class='ocrx_word' id='word_1_194' title='bbox 2052 2873 2197 2924; x_wconf 76' lang='lat' dir='ltr'>Nam</span> <span class='ocrx_word' id='word_1_195' title='bbox 2258 2899 2260 2901; x_wconf 31' lang='lat' dir='ltr'>v</span> 
     </span>
    </p>
   </div>
   <div class='ocr_carea' id='block_1_3' title="bbox 115 2957 2268 3090">
    <p class='ocr_par' dir='ltr' id='par_1_3' title="bbox 115 2957 2268 3090">
     <span class='ocr_line' id='line_1_30' title="bbox 193 2957 2268 3024; baseline -0.002 -14"><span class='ocrx_word' id='word_1_196' title='bbox 193 2966 211 3019; x_wconf 94' lang='lat'><strong>(</strong></span> <span class='ocrx_word' id='word_1_197' title='bbox 237 2981 255 3009; x_wconf 86' lang='grc' dir='ltr'><strong>ι</strong></span> <span class='ocrx_word' id='word_1_198' title='bbox 281 2966 299 3021; x_wconf 94' lang='grc'>)</span> <span class='ocrx_word' id='word_1_199' title='bbox 332 2965 520 3024; x_wconf 74' lang='lat' dir='ltr'>obstupet</span> <span class='ocrx_word' id='word_1_200' title='bbox 540 2997 552 3010; x_wconf 89' lang='lat'><strong>.</strong></span> <span class='ocrx_word' id='word_1_201' title='bbox 608 2967 713 3023; x_wconf 68' lang='lat' dir='ltr'>lure</span> <span class='ocrx_word' id='word_1_202' title='bbox 738 2964 887 3024; x_wconf 78' lang='lat' dir='ltr'>stupet</span> <span class='ocrx_word' id='word_1_203' title='bbox 910 2965 1150 3013; x_wconf 84' lang='lat' dir='ltr'>hominem</span> <span class='ocrx_word' id='word_1_204' title='bbox 1312 2970 1330 3022; x_wconf 94' lang='lat'><strong>(</strong></span> <span class='ocrx_word' id='word_1_205' title='bbox 1357 2969 1423 3022; x_wconf 84' lang='lat'>6)</span> <span class='ocrx_word' id='word_1_206' title='bbox 1456 2967 1610 3024; x_wconf 67' lang='lat' dir='ltr'>Hippo!</span> <span class='ocrx_word' id='word_1_207' title='bbox 1627 2998 1637 3009; x_wconf 89' lang='lat'><strong>.</strong></span> <span class='ocrx_word' id='word_1_208' title='bbox 1659 2962 1951 3023; x_wconf 83' lang='lat' dir='ltr'>Hyppoiitus</span> <span class='ocrx_word' id='word_1_209' title='bbox 1975 2960 2133 3007; x_wconf 84' lang='lat' dir='ltr'>Lironi</span> <span class='ocrx_word' id='word_1_210' title='bbox 2159 2957 2268 3006; x_wconf 84' lang='lat' dir='ltr'>Fra·</span> 
     </span>
     <span class='ocr_line' id='line_1_31' title="bbox 115 3024 2268 3090; baseline -0.005 -16"><span class='ocrx_word' id='word_1_211' title='bbox 115 3027 293 3074; x_wconf 81' lang='lat' dir='ltr'>nudum</span> <span class='ocrx_word' id='word_1_212' title='bbox 317 3041 479 3075; x_wconf 68' lang='lat' dir='ltr'>contra</span> <span class='ocrx_word' id='word_1_213' title='bbox 501 3027 655 3075; x_wconf 80' lang='lat' dir='ltr'>vitum</span> <span class='ocrx_word' id='word_1_214' title='bbox 697 3042 929 3089; x_wconf 79' lang='lat' dir='ltr'>armatum</span> <span class='ocrx_word' id='word_1_215' title='bbox 953 3045 1156 3090; x_wconf 82' lang='lat' dir='ltr'>pugnam</span> <span class='ocrx_word' id='word_1_216' title='bbox 1229 3041 1301 3076; x_wconf 85' lang='lat' dir='ltr'>ter</span> <span class='ocrx_word' id='word_1_217' title='bbox 1322 3060 1337 3083; x_wconf 89' lang='lat'><strong>,</strong></span> <span class='ocrx_word' id='word_1_218' title='bbox 1359 3030 1438 3087; x_wconf 74' lang='lat' dir='ltr'>qui</span> <span class='ocrx_word' id='word_1_219' title='bbox 1470 3043 1516 3074; x_wconf 88' lang='lat' dir='ltr'>et</span> <span class='ocrx_word' id='word_1_220' title='bbox 1559 3030 1654 3084; x_wconf 87' lang='lat' dir='ltr'>ipse</span> <span class='ocrx_word' id='word_1_221' title='bbox 1692 3027 1878 3072; x_wconf 80' lang='lat' dir='ltr'>additur</span> <span class='ocrx_word' id='word_1_222' title='bbox 1897 3024 2043 3068; x_wconf 82' lang='lat' dir='ltr'>Baldo</span> <span class='ocrx_word' id='word_1_223' title='bbox 2080 3035 2233 3066; x_wconf 83' lang='lat' dir='ltr'>comes</span> <span class='ocrx_word' id='word_1_224' title='bbox 2251 3051 2268 3075; x_wconf 88' lang='lat'><em>,</em></span> 
     </span>
    </p>
   </div>
   <div class='ocr_carea' id='block_1_4' title="bbox 114 3085 2277 3461">
    <p class='ocr_par' dir='ltr' id='par_1_4' title="bbox 114 3085 2001 3149">
     <span class='ocr_line' id='line_1_32' title="bbox 114 3085 2001 3149; baseline -0.001 -15"><span class='ocrx_word' id='word_1_225' title='bbox 114 3087 359 3135; x_wconf 78' lang='lat' dir='ltr'>instituere</span> <span class='ocrx_word' id='word_1_226' title='bbox 380 3116 396 3133; x_wconf 84' lang='grc'><strong>.</strong></span> <span class='ocrx_word' id='word_1_227' title='bbox 1232 3107 1337 3137; x_wconf 81' lang='lat' dir='ltr'>nam</span> <span class='ocrx_word' id='word_1_228' title='bbox 1361 3091 1455 3149; x_wconf 84' lang='lat' dir='ltr'>ipse</span> <span class='ocrx_word' id='word_1_229' title='bbox 1475 3103 1655 3148; x_wconf 86' lang='lat' dir='ltr'>quoque</span> <span class='ocrx_word' id='word_1_230' title='bbox 1675 3101 1766 3134; x_wconf 84' lang='lat' dir='ltr'>erat</span> <span class='ocrx_word' id='word_1_231' title='bbox 1803 3085 1968 3144; x_wconf 80' lang='lat' dir='ltr'>praedo</span> <span class='ocrx_word' id='word_1_232' title='bbox 1988 3113 2001 3127; x_wconf 87' lang='lat'><strong>·</strong></span> 
     </span>
    </p>

    <p class='ocr_par' dir='ltr' id='par_1_5' title="bbox 116 3148 2153 3273">
     <span class='ocr_line' id='line_1_33' title="bbox 193 3148 1893 3212; baseline 0.007 -20"><span class='ocrx_word' id='word_1_233' title='bbox 193 3149 301 3203; x_wconf 73' lang='lat' dir='ltr'>(a)</span> <span class='ocrx_word' id='word_1_234' title='bbox 333 3150 551 3196; x_wconf 79' lang='lat' dir='ltr'>Slanzaeret</span> <span class='ocrx_word' id='word_1_235' title='bbox 571 3181 585 3197; x_wconf 89' lang='lat'><strong>.</strong></span> <span class='ocrx_word' id='word_1_236' title='bbox 620 3152 749 3199; x_wconf 82' lang='lat' dir='ltr'>Saltu</span> <span class='ocrx_word' id='word_1_237' title='bbox 791 3153 837 3199; x_wconf 85' lang='lat' dir='ltr'>se</span> <span class='ocrx_word' id='word_1_238' title='bbox 879 3152 1010 3212; x_wconf 85' lang='lat' dir='ltr'>supra</span> <span class='ocrx_word' id='word_1_239' title='bbox 1055 3154 1160 3199; x_wconf 80' lang='lat' dir='ltr'>Bal·</span> <span class='ocrx_word' id='word_1_240' title='bbox 1316 3156 1381 3210; x_wconf 82' lang='lat'>(7</span> <span class='ocrx_word' id='word_1_241' title='bbox 1409 3155 1424 3208; x_wconf 90' lang='lat'>)</span> <span class='ocrx_word' id='word_1_242' title='bbox 1457 3155 1637 3195; x_wconf 62' lang='lat' dir='ltr'>silim:</span> <span class='ocrx_word' id='word_1_243' title='bbox 1677 3148 1893 3195; x_wconf 63' lang='lat' dir='ltr'>Avidus·</span> 
     </span>
     <span class='ocr_line' id='line_1_34' title="bbox 116 3207 2153 3273; baseline 0.006 -19"><span class='ocrx_word' id='word_1_244' title='bbox 116 3207 245 3257; x_wconf 79' lang='lat' dir='ltr'>dum.</span> <span class='ocrx_word' id='word_1_245' title='bbox 265 3208 507 3267; x_wconf 79' lang='lat' dir='ltr'>injiceret..</span> <span class='ocrx_word' id='word_1_246' title='bbox 1316 3216 1332 3267; x_wconf 89' lang='lat'>(</span> <span class='ocrx_word' id='word_1_247' title='bbox 1360 3216 1382 3258; x_wconf 78' lang='lat'><em>8</em></span> <span class='ocrx_word' id='word_1_248' title='bbox 1411 3216 1426 3268; x_wconf 93' lang='lat'>)</span> <span class='ocrx_word' id='word_1_249' title='bbox 1465 3210 1685 3267; x_wconf 69' lang='lat' dir='ltr'>Ads¹st⁰¹</span> <span class='ocrx_word' id='word_1_250' title='bbox 1704 3240 1716 3253; x_wconf 93' lang='lat'><strong>·</strong></span> <span class='ocrx_word' id='word_1_251' title='bbox 1741 3209 1814 3255; x_wconf 69' lang='lat' dir='ltr'>Ad</span> <span class='ocrx_word' id='word_1_252' title='bbox 1840 3207 1997 3256; x_wconf 59' lang='grc' dir='ltr'>Νεινες</span> <span class='ocrx_word' id='word_1_253' title='bbox 2017 3233 2033 3248; x_wconf 85' lang='grc'><em>·</em></span> <span class='ocrx_word' id='word_1_254' title='bbox 2143 3262 2153 3273; x_wconf 82' lang='lat'><strong>.</strong></span> 
     </span>
    </p>

    <p class='ocr_par' dir='ltr' id='par_1_6' title="bbox 127 3262 2277 3384">
     <span class='ocr_line' id='line_1_35' title="bbox 191 3262 2277 3336; baseline -0.003 -22"><span class='ocrx_word' id='word_1_255' title='bbox 191 3267 220 3323; x_wconf 86' lang='lat'>&#39;(</span> <span class='ocrx_word' id='word_1_256' title='bbox 251 3273 311 3326; x_wconf 88' lang='lat'>3)</span> <span class='ocrx_word' id='word_1_257' title='bbox 338 3274 553 3316; x_wconf 71' lang='lat' dir='ltr'>&#39;Laxa‘itdo</span> <span class='ocrx_word' id='word_1_258' title='bbox 578 3272 807 3327; x_wconf 77' lang='lat' dir='ltr'>flocaeam.</span> <span class='ocrx_word' id='word_1_259' title='bbox 842 3274 964 3324; x_wconf 85' lang='lat' dir='ltr'>Ense</span> <span class='ocrx_word' id='word_1_260' title='bbox 1009 3276 1058 3323; x_wconf 86' lang='lat' dir='ltr'>in</span> <span class='ocrx_word' id='word_1_261' title='bbox 1092 3274 1181 3336; x_wconf 46' lang='lat' dir='ltr'>dig</span> <span class='ocrx_word' id='word_1_262' title='bbox 1316 3276 1332 3328; x_wconf 89' lang='lat'>(</span> <span class='ocrx_word' id='word_1_263' title='bbox 1361 3291 1385 3333; x_wconf 87' lang='grc'><strong>9</strong></span> <span class='ocrx_word' id='word_1_264' title='bbox 1411 3276 1428 3331; x_wconf 92' lang='grc'>)</span> <span class='ocrx_word' id='word_1_265' title='bbox 1468 3274 1535 3317; x_wconf 79' lang='lat' dir='ltr'>Ad</span> <span class='ocrx_word' id='word_1_266' title='bbox 1561 3271 1769 3331; x_wconf 59' lang='grc' dir='ltr'>[ωτι-κισ</span> <span class='ocrx_word' id='word_1_267' title='bbox 1787 3271 1934 3314; x_wconf 82' lang='lat' dir='ltr'>collum</span> <span class='ocrx_word' id='word_1_268' title='bbox 1953 3296 1967 3312; x_wconf 85' lang='lat'><strong>.</strong></span> <span class='ocrx_word' id='word_1_269' title='bbox 1999 3262 2277 3325; x_wconf 69' lang='lat' dir='ltr'>Praecipites</span> 
     </span>
     <span class='ocr_line' id='line_1_36' title="bbox 127 3332 1380 3384; baseline 0.005 -9"><span class='ocrx_word' id='word_1_270' title='bbox 127 3332 297 3376; x_wconf 71' lang='lat' dir='ltr'>testum</span> <span class='ocrx_word' id='word_1_271' title='bbox 339 3332 578 3379; x_wconf 81' lang='lat' dir='ltr'>feriendo.</span> <span class='ocrx_word' id='word_1_272' title='bbox 1235 3336 1344 3384; x_wconf 81' lang='lat' dir='ltr'>dare</span> <span class='ocrx_word' id='word_1_273' title='bbox 1366 3366 1380 3381; x_wconf 91' lang='lat'><strong>.</strong></span> 
     </span>
    </p>

    <p class='ocr_par' dir='ltr' id='par_1_7' title="bbox 202 3391 2086 3461">
     <span class='ocr_line' id='line_1_37' title="bbox 202 3391 2086 3461; baseline 0.001 -26"><span class='ocrx_word' id='word_1_274' title='bbox 202 3394 218 3445; x_wconf 89' lang='lat'>(</span> <span class='ocrx_word' id='word_1_275' title='bbox 244 3410 272 3448; x_wconf 75' lang='lat'>4</span> <span class='ocrx_word' id='word_1_276' title='bbox 295 3394 312 3447; x_wconf 94' lang='lat'>)</span> <span class='ocrx_word' id='word_1_277' title='bbox 337 3398 489 3438; x_wconf 74' lang='lat' dir='ltr'>Arzone</span> <span class='ocrx_word' id='word_1_278' title='bbox 507 3406 704 3440; x_wconf 79' lang='lat' dir='ltr'>tomam.</span> <span class='ocrx_word' id='word_1_279' title='bbox 728 3395 800 3441; x_wconf 84' lang='lat' dir='ltr'>Ex</span> <span class='ocrx_word' id='word_1_280' title='bbox 824 3415 944 3461; x_wconf 88' lang='lat' dir='ltr'>equo</span> <span class='ocrx_word' id='word_1_281' title='bbox 962 3398 1163 3445; x_wconf 79' lang='lat' dir='ltr'>caderet.</span> <span class='ocrx_word' id='word_1_282' title='bbox 1317 3400 1334 3453; x_wconf 91' lang='lat'><strong>(</strong></span> <span class='ocrx_word' id='word_1_283' title='bbox 1361 3398 1446 3454; x_wconf 84' lang='grc' dir='ltr'>ιο)</span> <span class='ocrx_word' id='word_1_284' title='bbox 1486 3399 1680 3442; x_wconf 76' lang='lat' dir='ltr'>Laxan-</span> <span class='ocrx_word' id='word_1_285' title='bbox 1724 3391 2086 3451; x_wconf 80' lang='lat' dir='ltr'>Derennquere.</span> 
     </span>
    </p>
   </div>
   <div class='ocr_carea' id='block_1_5' title="bbox 123 3453 1161 3561">
    <p class='ocr_par' dir='ltr' id='par_1_8' title="bbox 123 3453 1161 3561">
     <span class='ocr_line' id='line_1_38' title="bbox 201 3453 1161 3515; baseline 0 -10"><span class='ocrx_word' id='word_1_286' title='bbox 201 3453 267 3505; x_wconf 76' lang='lat'>(5</span> <span class='ocrx_word' id='word_1_287' title='bbox 305 3454 322 3506; x_wconf 92' lang='lat'><em>)</em></span> <span class='ocrx_word' id='word_1_288' title='bbox 355 3453 556 3514; x_wconf 75' lang='lat' dir='ltr'>Insemma</span> <span class='ocrx_word' id='word_1_289' title='bbox 588 3455 826 3515; x_wconf 64' lang='lat' dir='ltr'>sbi-ojames</span> <span class='ocrx_word' id='word_1_290' title='bbox 846 3493 858 3504; x_wconf 90' lang='lat'><strong>.</strong></span> <span class='ocrx_word' id='word_1_291' title='bbox 897 3461 1046 3510; x_wconf 85' lang='lat' dir='ltr'>simul</span> <span class='ocrx_word' id='word_1_292' title='bbox 1067 3462 1161 3507; x_wconf 80' lang='lat' dir='ltr'>cla-</span> 
     </span>
     <span class='ocr_line' id='line_1_39' title="bbox 123 3526 333 3561; baseline 0 -2"><span class='ocrx_word' id='word_1_293' title='bbox 123 3526 299 3561; x_wconf 77' lang='lat' dir='ltr'>mantes</span> <span class='ocrx_word' id='word_1_294' title='bbox 318 3544 333 3559; x_wconf 88' lang='lat'><strong>.</strong></span> 
     </span>
    </p>
   </div>
  </div>
 </body>
</html>
