<?xml version="1.0" encoding="UTF-8"?>
<!DOCTYPE html PUBLIC "-//W3C//DTD XHTML 1.0 Transitional//EN"
    "http://www.w3.org/TR/xhtml1/DTD/xhtml1-transitional.dtd">
<html xmlns="http://www.w3.org/1999/xhtml" xml:lang="en" lang="en">
 <head>
  <title>
</title>
<meta http-equiv="Content-Type" content="text/html;charset=utf-8" />
  <meta name='ocr-system' content='tesseract 3.04.00' />
  <meta name='ocr-capabilities' content='ocr_page ocr_carea ocr_par ocr_line ocrx_word'/>
</head>
<body>
  <div class='ocr_page' id='page_1' title='image "./opusmacaronicumn00foleuoft_0641.png"; bbox 0 0 2808 4172; ppageno 0'>
   <div class='ocr_carea' id='block_1_1' title="bbox 767 231 2172 335">
    <p class='ocr_par' dir='ltr' id='par_1_1' title="bbox 767 231 2172 335">
     <span class='ocr_line' id='line_1_1' title="bbox 767 231 2172 335; baseline 0.002 -28"><span class='ocrx_word' id='word_1_1' title='bbox 767 231 1556 322; x_wconf 79' lang='lat' dir='ltr'><em>MERLINI·</em></span> <span class='ocrx_word' id='word_1_2' title='bbox 2038 261 2172 335; x_wconf 82' lang='lat'>233</span> 
     </span>
    </p>
   </div>
   <div class='ocr_carea' id='block_1_2' title="bbox 33 381 2265 2304">
    <p class='ocr_par' dir='ltr' id='par_1_2' title="bbox 135 381 1833 475">
     <span class='ocr_line' id='line_1_2' title="bbox 135 381 1833 475; baseline 0.001 -27"><span class='ocrx_word' id='word_1_3' title='bbox 135 391 315 471; x_wconf 58' lang='lat' dir='ltr'>‘Quae</span> <span class='ocrx_word' id='word_1_4' title='bbox 360 381 531 449; x_wconf 85' lang='lat' dir='ltr'>velut</span> <span class='ocrx_word' id='word_1_5' title='bbox 578 384 643 449; x_wconf 87' lang='lat' dir='ltr'>in</span> <span class='ocrx_word' id='word_1_6' title='bbox 692 406 900 475; x_wconf 90' lang='lat' dir='ltr'>poppa</span> <span class='ocrx_word' id='word_1_7' title='bbox 945 382 1097 450; x_wconf 86' lang='lat' dir='ltr'>sofio</span> <span class='ocrx_word' id='word_1_8' title='bbox 1139 388 1426 474; x_wconf 19' lang='lat' dir='ltr'>*percussa</span> <span class='ocrx_word' id='word_1_9' title='bbox 1476 385 1769 450; x_wconf 86' lang='lat' dir='ltr'>Sirocchi</span> <span class='ocrx_word' id='word_1_10' title='bbox 1804 400 1833 465; x_wconf 43' lang='lat'>1,‘</span> 
     </span>
    </p>

    <p class='ocr_par' dir='ltr' id='par_1_3' title="bbox 141 474 1865 567">
     <span class='ocr_line' id='line_1_3' title="bbox 141 474 1865 567; baseline -0.001 -25"><span class='ocrx_word' id='word_1_11' title='bbox 141 474 398 556; x_wconf 87' lang='lat' dir='ltr'>Evolat,</span> <span class='ocrx_word' id='word_1_12' title='bbox 447 492 514 539; x_wconf 89' lang='lat' dir='ltr'>et</span> <span class='ocrx_word' id='word_1_13' title='bbox 551 479 753 567; x_wconf 81' lang='lat' dir='ltr'>ripam</span> <span class='ocrx_word' id='word_1_14' title='bbox 783 495 922 544; x_wconf 75' lang='lat' dir='ltr'>tam</span> <span class='ocrx_word' id='word_1_15' title='bbox 977 478 1164 542; x_wconf 81' lang='lat' dir='ltr'>velox</span> <span class='ocrx_word' id='word_1_16' title='bbox 1209 474 1406 540; x_wconf 89' lang='lat' dir='ltr'>fertur</span> <span class='ocrx_word' id='word_1_17' title='bbox 1453 476 1533 541; x_wconf 87' lang='lat' dir='ltr'>ad</span> <span class='ocrx_word' id='word_1_18' title='bbox 1590 475 1813 541; x_wconf 83' lang='lat' dir='ltr'>altram</span> <span class='ocrx_word' id='word_1_19' title='bbox 1846 528 1865 559; x_wconf 91' lang='lat'>,</span> 
     </span>
    </p>

    <p class='ocr_par' dir='ltr' id='par_1_4' title="bbox 136 565 1800 657">
     <span class='ocr_line' id='line_1_4' title="bbox 136 565 1800 657; baseline -0.001 -25"><span class='ocrx_word' id='word_1_20' title='bbox 136 574 228 632; x_wconf 89' lang='lat' dir='ltr'>Ut</span> <span class='ocrx_word' id='word_1_21' title='bbox 278 565 385 631; x_wconf 79' lang='lat' dir='ltr'>nisi</span> <span class='ocrx_word' id='word_1_22' title='bbox 436 571 736 649; x_wconf 85' lang='lat' dir='ltr'>juvissent</span> <span class='ocrx_word' id='word_1_23' title='bbox 775 620 794 650; x_wconf 89' lang='lat'>,</span> <span class='ocrx_word' id='word_1_24' title='bbox 846 567 1053 633; x_wconf 84' lang='lat' dir='ltr'>hastas.</span> <span class='ocrx_word' id='word_1_25' title='bbox 1093 567 1422 657; x_wconf 81' lang='lat' dir='ltr'>porgendo</span> <span class='ocrx_word' id='word_1_26' title='bbox 1476 575 1800 649; x_wconf 80' lang='lat' dir='ltr'>BatoneS,</span> 
     </span>
    </p>

    <p class='ocr_par' dir='ltr' id='par_1_5' title="bbox 33 661 1651 748">
     <span class='ocr_line' id='line_1_5' title="bbox 33 661 1651 748; baseline -0.003 -24"><span class='ocrx_word' id='word_1_27' title='bbox 33 696 35 698; x_wconf 95' lang='lat'>·</span> <span class='ocrx_word' id='word_1_28' title='bbox 129 666 212 724; x_wconf 84' lang='lat' dir='ltr'>Se</span> <span class='ocrx_word' id='word_1_29' title='bbox 274 662 605 748; x_wconf 85' lang='lat' dir='ltr'>spezzasset</span> <span class='ocrx_word' id='word_1_30' title='bbox 648 665 817 727; x_wconf 87' lang='lat' dir='ltr'>enim</span> <span class='ocrx_word' id='word_1_31' title='bbox 863 661 1037 726; x_wconf 81' lang='lat' dir='ltr'>duris</span> <span class='ocrx_word' id='word_1_32' title='bbox 1079 663 1145 724; x_wconf 85' lang='lat' dir='ltr'>in</span> <span class='ocrx_word' id='word_1_33' title='bbox 1196 661 1381 725; x_wconf 84' lang='lat' dir='ltr'>litore</span> <span class='ocrx_word' id='word_1_34' title='bbox 1426 661 1598 724; x_wconf 82' lang='lat' dir='ltr'>saxis</span> <span class='ocrx_word' id='word_1_35' title='bbox 1636 706 1651 719; x_wconf 93' lang='lat'>.</span> 
     </span>
    </p>

    <p class='ocr_par' dir='ltr' id='par_1_6' title="bbox 125 749 2072 1026">
     <span class='ocr_line' id='line_1_6' title="bbox 125 749 2045 840; baseline -0.002 -23"><span class='ocrx_word' id='word_1_36' title='bbox 125 754 374 840; x_wconf 70' lang='lat' dir='ltr'>cingar</span> <span class='ocrx_word' id='word_1_37' title='bbox 421 775 562 818; x_wconf 84' lang='lat' dir='ltr'>eam</span> <span class='ocrx_word' id='word_1_38' title='bbox 610 756 871 833; x_wconf 87' lang='lat' dir='ltr'>retinet,</span> <span class='ocrx_word' id='word_1_39' title='bbox 921 773 1309 840; x_wconf 85' lang='lat' dir='ltr'>curvumque</span> <span class='ocrx_word' id='word_1_40' title='bbox 1358 751 1439 815; x_wconf 85' lang='lat' dir='ltr'>ad</span> <span class='ocrx_word' id='word_1_41' title='bbox 1491 749 1663 814; x_wconf 82' lang='lat' dir='ltr'>littus</span> <span class='ocrx_word' id='word_1_42' title='bbox 1712 750 1973 839; x_wconf 84' lang='lat' dir='ltr'>apogiat</span> <span class='ocrx_word' id='word_1_43' title='bbox 2023 763 2045 813; x_wconf 76' lang='grc'>’.·</span> 
     </span>
     <span class='ocr_line' id='line_1_7' title="bbox 130 841 2072 935; baseline -0.001 -27"><span class='ocrx_word' id='word_1_44' title='bbox 130 850 419 926; x_wconf 87' lang='lat' dir='ltr'>Montat,</span> <span class='ocrx_word' id='word_1_45' title='bbox 467 861 530 910; x_wconf 89' lang='lat' dir='ltr'>et</span> <span class='ocrx_word' id='word_1_46' title='bbox 577 848 898 935; x_wconf 75' lang='lat' dir='ltr'>acciplens</span> <span class='ocrx_word' id='word_1_47' title='bbox 946 866 1230 925; x_wconf 88' lang='lat' dir='ltr'>remum,</span> <span class='ocrx_word' id='word_1_48' title='bbox 1286 842 1534 923; x_wconf 86' lang='lat' dir='ltr'>cridat,</span> <span class='ocrx_word' id='word_1_49' title='bbox 1579 841 1722 923; x_wconf 89' lang='lat' dir='ltr'>ola,</span> <span class='ocrx_word' id='word_1_50' title='bbox 1776 841 2015 907; x_wconf 83' lang='lat' dir='ltr'>sodales</span> <span class='ocrx_word' id='word_1_51' title='bbox 2052 890 2072 922; x_wconf 90' lang='lat'>,</span> 
     </span>
     <span class='ocr_line' id='line_1_8' title="bbox 131 932 1905 1026; baseline -0.002 -25"><span class='ocrx_word' id='word_1_52' title='bbox 131 938 420 1018; x_wconf 76' lang='lat' dir='ltr'>IntretiS,</span> <span class='ocrx_word' id='word_1_53' title='bbox 472 942 778 1026; x_wconf 81' lang='lat' dir='ltr'>quoniam</span> <span class='ocrx_word' id='word_1_54' title='bbox 827 934 1211 1026; x_wconf 87' lang='lat' dir='ltr'>paffabimus</span> <span class='ocrx_word' id='word_1_55' title='bbox 1259 936 1498 1023; x_wconf 85' lang='lat' dir='ltr'>absque</span> <span class='ocrx_word' id='word_1_56' title='bbox 1550 932 1905 1001; x_wconf 85' lang='lat' dir='ltr'>Charonte.</span> 
     </span>
    </p>

    <p class='ocr_par' dir='ltr' id='par_1_7' title="bbox 42 1025 1897 1116">
     <span class='ocr_line' id='line_1_9' title="bbox 42 1025 1897 1116; baseline 0 -25"><span class='ocrx_word' id='word_1_57' title='bbox 42 1072 46 1073; x_wconf 23' lang='grc' dir='ltr'><em>ν</em></span> <span class='ocrx_word' id='word_1_58' title='bbox 141 1029 594 1095; x_wconf 80' lang='lat' dir='ltr'>conscendunt</span> <span class='ocrx_word' id='word_1_59' title='bbox 642 1031 837 1116; x_wconf 79' lang='lat' dir='ltr'>igitur</span> <span class='ocrx_word' id='word_1_60' title='bbox 883 1032 1100 1095; x_wconf 82' lang='lat' dir='ltr'>navim</span> <span class='ocrx_word' id='word_1_61' title='bbox 1152 1027 1265 1094; x_wconf 86' lang='lat' dir='ltr'>sub</span> <span class='ocrx_word' id='word_1_62' title='bbox 1312 1033 1589 1116; x_wconf 84' lang='lat' dir='ltr'>Cingare</span> <span class='ocrx_word' id='word_1_63' title='bbox 1640 1025 1897 1114; x_wconf 66' lang='lat' dir='ltr'>causti,</span> 
     </span>
    </p>

    <p class='ocr_par' dir='ltr' id='par_1_8' title="bbox 122 1114 2265 1395">
     <span class='ocr_line' id='line_1_10' title="bbox 124 1114 2265 1210; baseline 0.002 -26"><span class='ocrx_word' id='word_1_64' title='bbox 124 1123 277 1185; x_wconf 89' lang='lat' dir='ltr'>Non</span> <span class='ocrx_word' id='word_1_65' title='bbox 326 1137 539 1186; x_wconf 89' lang='lat' dir='ltr'>tamen</span> <span class='ocrx_word' id='word_1_66' title='bbox 584 1124 1005 1201; x_wconf 74' lang='lat' dir='ltr'>infernmam,</span> <span class='ocrx_word' id='word_1_67' title='bbox 1059 1124 1335 1186; x_wconf 87' lang='lat' dir='ltr'>nimium</span> <span class='ocrx_word' id='word_1_68' title='bbox 1402 1122 1554 1207; x_wconf 90' lang='lat' dir='ltr'>quia</span> <span class='ocrx_word' id='word_1_69' title='bbox 1604 1114 1795 1204; x_wconf 75' lang='lat' dir='ltr'>preffa</span> <span class='ocrx_word' id='word_1_70' title='bbox 1843 1121 1924 1194; x_wconf 84' lang='lat'>(1)</span> <span class='ocrx_word' id='word_1_71' title='bbox 1971 1131 2265 1210; x_wconf 65' lang='lat' dir='ltr'>negaretg</span> 
     </span>
     <span class='ocr_line' id='line_1_11' title="bbox 125 1207 2160 1303; baseline -0.001 -26"><span class='ocrx_word' id='word_1_72' title='bbox 125 1218 347 1277; x_wconf 87' lang='lat' dir='ltr'>Unum</span> <span class='ocrx_word' id='word_1_73' title='bbox 398 1212 530 1303; x_wconf 85' lang='lat' dir='ltr'>post</span> <span class='ocrx_word' id='word_1_74' title='bbox 573 1213 774 1281; x_wconf 87' lang='lat' dir='ltr'>alium</span> <span class='ocrx_word' id='word_1_75' title='bbox 819 1229 1027 1303; x_wconf 91' lang='lat' dir='ltr'>portat</span> <span class='ocrx_word' id='word_1_76' title='bbox 1060 1265 1079 1294; x_wconf 89' lang='lat'>,</span> <span class='ocrx_word' id='word_1_77' title='bbox 1128 1215 1210 1283; x_wconf 75' lang='grc' dir='ltr'>(ι)</span> <span class='ocrx_word' id='word_1_78' title='bbox 1258 1211 1622 1301; x_wconf 64' lang='lat' dir='ltr'>septemque</span> <span class='ocrx_word' id='word_1_79' title='bbox 1675 1207 1836 1275; x_wconf 87' lang='lat' dir='ltr'>fiatis</span> <span class='ocrx_word' id='word_1_80' title='bbox 2139 1208 2160 1213; x_wconf 63' lang='grc'>’”</span> 
     </span>
     <span class='ocr_line' id='line_1_12' title="bbox 122 1298 1854 1395; baseline 0.002 -27"><span class='ocrx_word' id='word_1_81' title='bbox 122 1310 224 1368; x_wconf 92' lang='lat' dir='ltr'>De</span> <span class='ocrx_word' id='word_1_82' title='bbox 273 1307 411 1393; x_wconf 88' lang='lat' dir='ltr'>ripa</span> <span class='ocrx_word' id='word_1_83' title='bbox 460 1306 544 1370; x_wconf 89' lang='lat' dir='ltr'>ad</span> <span class='ocrx_word' id='word_1_84' title='bbox 595 1308 798 1395; x_wconf 86' lang='lat' dir='ltr'>ripam</span> <span class='ocrx_word' id='word_1_85' title='bbox 844 1304 1108 1394; x_wconf 87' lang='lat' dir='ltr'>guidata</span> <span class='ocrx_word' id='word_1_86' title='bbox 1161 1301 1242 1368; x_wconf 89' lang='lat' dir='ltr'>est</span> <span class='ocrx_word' id='word_1_87' title='bbox 1294 1307 1576 1392; x_wconf 84' lang='lat' dir='ltr'>Cingare</span> <span class='ocrx_word' id='word_1_88' title='bbox 1629 1298 1854 1371; x_wconf 85' lang='lat' dir='ltr'>barca.</span> 
     </span>
    </p>

    <p class='ocr_par' dir='ltr' id='par_1_9' title="bbox 122 1395 1622 1485">
     <span class='ocr_line' id='line_1_13' title="bbox 122 1395 1622 1485; baseline -0.003 -23"><span class='ocrx_word' id='word_1_89' title='bbox 122 1395 365 1482; x_wconf 23' lang='lat' dir='ltr'>Baldrus</span> <span class='ocrx_word' id='word_1_90' title='bbox 411 1397 662 1463; x_wconf 86' lang='lat' dir='ltr'>ridebat</span> <span class='ocrx_word' id='word_1_91' title='bbox 708 1399 929 1464; x_wconf 80' lang='lat' dir='ltr'>dicens</span> <span class='ocrx_word' id='word_1_92' title='bbox 958 1449 978 1479; x_wconf 88' lang='lat'><strong>,</strong></span> <span class='ocrx_word' id='word_1_93' title='bbox 1027 1399 1249 1463; x_wconf 85' lang='lat' dir='ltr'>mirate</span> <span class='ocrx_word' id='word_1_94' title='bbox 1303 1396 1582 1476; x_wconf 53' lang='lat' dir='ltr'>sodalem,</span> <span class='ocrx_word' id='word_1_95' title='bbox 1619 1482 1622 1485; x_wconf 66' lang='lat'><em>‚</em></span> 
     </span>
    </p>

    <p class='ocr_par' dir='ltr' id='par_1_10' title="bbox 124 1484 2063 1763">
     <span class='ocr_line' id='line_1_14' title="bbox 126 1484 1930 1577; baseline 0.002 -26"><span class='ocrx_word' id='word_1_96' title='bbox 126 1493 415 1571; x_wconf 81' lang='lat' dir='ltr'>Qantus</span> <span class='ocrx_word' id='word_1_97' title='bbox 461 1490 541 1557; x_wconf 86' lang='lat' dir='ltr'>ad</span> <span class='ocrx_word' id='word_1_98' title='bbox 591 1488 880 1556; x_wconf 85' lang='lat' dir='ltr'>officium</span> <span class='ocrx_word' id='word_1_99' title='bbox 933 1488 1265 1556; x_wconf 87' lang='lat' dir='ltr'>nocchieri</span> <span class='ocrx_word' id='word_1_100' title='bbox 1323 1491 1568 1577; x_wconf 84' lang='lat' dir='ltr'>Cingar</span> <span class='ocrx_word' id='word_1_101' title='bbox 1618 1484 1930 1554; x_wconf 81' lang='lat' dir='ltr'>habetur.·</span> 
     </span>
     <span class='ocr_line' id='line_1_15' title="bbox 131 1578 2063 1671; baseline 0 -27"><span class='ocrx_word' id='word_1_102' title='bbox 131 1587 318 1647; x_wconf 87' lang='lat' dir='ltr'>Certe</span> <span class='ocrx_word' id='word_1_103' title='bbox 360 1578 470 1647; x_wconf 87' lang='lat' dir='ltr'>hic</span> <span class='ocrx_word' id='word_1_104' title='bbox 513 1605 628 1648; x_wconf 89' lang='lat' dir='ltr'>nec</span> <span class='ocrx_word' id='word_1_105' title='bbox 680 1580 885 1648; x_wconf 86' lang='lat' dir='ltr'>forma</span> <span class='ocrx_word' id='word_1_106' title='bbox 919 1634 939 1665; x_wconf 86' lang='lat'>,</span> <span class='ocrx_word' id='word_1_107' title='bbox 989 1605 1112 1649; x_wconf 88' lang='lat' dir='ltr'>nec·</span> <span class='ocrx_word' id='word_1_108' title='bbox 1158 1582 1475 1671; x_wconf 88' lang='lat' dir='ltr'>discrepat</span> <span class='ocrx_word' id='word_1_109' title='bbox 1519 1594 1652 1644; x_wconf 90' lang='lat' dir='ltr'>arte</span> <span class='ocrx_word' id='word_1_110' title='bbox 1705 1580 2018 1647; x_wconf 81' lang='lat' dir='ltr'>Charonti</span> <span class='ocrx_word' id='word_1_111' title='bbox 2045 1627 2063 1644; x_wconf 89' lang='lat'><strong>.</strong></span> 
     </span>
     <span class='ocr_line' id='line_1_16' title="bbox 124 1671 1888 1763; baseline 0.001 -28"><span class='ocrx_word' id='word_1_112' title='bbox 124 1676 387 1736; x_wconf 86' lang='lat' dir='ltr'>Cernite</span> <span class='ocrx_word' id='word_1_113' title='bbox 433 1674 747 1739; x_wconf 86' lang='lat' dir='ltr'>terribiles</span> <span class='ocrx_word' id='word_1_114' title='bbox 802 1674 1061 1752; x_wconf 87' lang='lat' dir='ltr'>oculos,</span> <span class='ocrx_word' id='word_1_115' title='bbox 1113 1695 1529 1763; x_wconf 84' lang='lat' dir='ltr'>magramque</span> <span class='ocrx_word' id='word_1_116' title='bbox 1578 1671 1888 1760; x_wconf 82' lang='lat' dir='ltr'>figuram,</span> 
     </span>
    </p>

    <p class='ocr_par' dir='ltr' id='par_1_11' title="bbox 110 1761 2161 2036">
     <span class='ocr_line' id='line_1_17' title="bbox 113 1761 2161 1854; baseline 0.001 -29"><span class='ocrx_word' id='word_1_117' title='bbox 113 1763 281 1845; x_wconf 70' lang='lat' dir='ltr'>QJis</span> <span class='ocrx_word' id='word_1_118' title='bbox 327 1784 476 1827; x_wconf 89' lang='lat' dir='ltr'>nam</span> <span class='ocrx_word' id='word_1_119' title='bbox 527 1763 716 1829; x_wconf 87' lang='lat' dir='ltr'>illum</span> <span class='ocrx_word' id='word_1_120' title='bbox 771 1765 1116 1854; x_wconf 72' lang='lat' dir='ltr'>guardam,</span> <span class='ocrx_word' id='word_1_121' title='bbox 1167 1788 1291 1829; x_wconf 80' lang='lat' dir='ltr'>non</span> <span class='ocrx_word' id='word_1_122' title='bbox 1339 1764 1578 1829; x_wconf 73' lang='lat' dir='ltr'>dixerit</span> <span class='ocrx_word' id='word_1_123' title='bbox 1619 1761 1737 1828; x_wconf 83' lang='lat' dir='ltr'>effe</span> <span class='ocrx_word' id='word_1_124' title='bbox 1788 1762 2161 1845; x_wconf 49' lang='lat' dir='ltr'>Diablumg</span> 
     </span>
     <span class='ocr_line' id='line_1_18' title="bbox 124 1853 2080 1937; baseline 0.001 -19"><span class='ocrx_word' id='word_1_125' title='bbox 124 1856 252 1918; x_wconf 89' lang='lat' dir='ltr'>Cui</span> <span class='ocrx_word' id='word_1_126' title='bbox 305 1854 770 1937; x_wconf 70' lang='lat' dir='ltr'>Bocca‘lu8‚ita</span> <span class='ocrx_word' id='word_1_127' title='bbox 825 1854 945 1935; x_wconf 85' lang='lat' dir='ltr'>est,</span> <span class='ocrx_word' id='word_1_128' title='bbox 996 1857 1083 1924; x_wconf 88' lang='lat'>(3)</span> <span class='ocrx_word' id='word_1_129' title='bbox 1133 1856 1500 1920; x_wconf 83' lang='lat' dir='ltr'>Chiozzotti</span> <span class='ocrx_word' id='word_1_130' title='bbox 1551 1853 1727 1921; x_wconf 86' lang='lat' dir='ltr'>fazza</span> <span class='ocrx_word' id='word_1_131' title='bbox 1778 1855 2027 1921; x_wconf 89' lang='lat' dir='ltr'>videtur</span> <span class='ocrx_word' id='word_1_132' title='bbox 2059 1905 2080 1936; x_wconf 88' lang='lat'>,</span> 
     </span>
     <span class='ocr_line' id='line_1_19' title="bbox 110 1946 1843 2036; baseline 0.001 -28"><span class='ocrx_word' id='word_1_133' title='bbox 110 1949 234 2009; x_wconf 88' lang='lat' dir='ltr'>Per</span> <span class='ocrx_word' id='word_1_134' title='bbox 280 1968 472 2036; x_wconf 87' lang='lat' dir='ltr'>quem</span> <span class='ocrx_word' id='word_1_135' title='bbox 523 1946 564 2012; x_wconf 84' lang='lat' dir='ltr'>fi</span> <span class='ocrx_word' id='word_1_136' title='bbox 616 1969 913 2013; x_wconf 86' lang='lat' dir='ltr'><strong>nummos</strong></span> <span class='ocrx_word' id='word_1_137' title='bbox 960 1953 1135 2029; x_wconf 85' lang='lat' dir='ltr'>vojas</span> <span class='ocrx_word' id='word_1_138' title='bbox 1173 1947 1479 2012; x_wconf 88' lang='lat' dir='ltr'>mandare</span> <span class='ocrx_word' id='word_1_139' title='bbox 1528 1948 1843 2026; x_wconf 81' lang='lat' dir='ltr'>Venecis,</span> 
     </span>
    </p>

    <p class='ocr_par' dir='ltr' id='par_1_12' title="bbox 42 2034 2127 2304">
     <span class='ocr_line' id='line_1_20' title="bbox 42 2034 2127 2130; baseline 0 -30"><span class='ocrx_word' id='word_1_140' title='bbox 42 2107 50 2109; x_wconf 44' lang='grc'><strong>-</strong></span> <span class='ocrx_word' id='word_1_141' title='bbox 101 2042 322 2120; x_wconf 66' lang='lat' dir='ltr'>Quam</span> <span class='ocrx_word' id='word_1_142' title='bbox 367 2037 450 2103; x_wconf 87' lang='lat'>(4)</span> <span class='ocrx_word' id='word_1_143' title='bbox 500 2036 662 2105; x_wconf 89' lang='lat' dir='ltr'>foret</span> <span class='ocrx_word' id='word_1_144' title='bbox 710 2042 1046 2130; x_wconf 87' lang='lat' dir='ltr'>impresam</span> <span class='ocrx_word' id='word_1_145' title='bbox 1097 2039 1378 2130; x_wconf 75' lang='lat' dir='ltr'>speditus</span> <span class='ocrx_word' id='word_1_146' title='bbox 1425 2053 1488 2103; x_wconf 90' lang='lat' dir='ltr'>et</span> <span class='ocrx_word' id='word_1_147' title='bbox 1537 2055 1714 2128; x_wconf 87' lang='lat' dir='ltr'>aptus</span> <span class='ocrx_word' id='word_1_148' title='bbox 1756 2037 1837 2103; x_wconf 91' lang='lat' dir='ltr'>ad</span> <span class='ocrx_word' id='word_1_149' title='bbox 1893 2034 2127 2121; x_wconf 67' lang='lat' dir='ltr'>istam{</span> 
     </span>
     <span class='ocr_line' id='line_1_21' title="bbox 121 2129 1786 2219; baseline -0.001 -26"><span class='ocrx_word' id='word_1_150' title='bbox 121 2133 364 2217; x_wconf 86' lang='lat' dir='ltr'>Cingar</span> <span class='ocrx_word' id='word_1_151' title='bbox 410 2130 736 2219; x_wconf 87' lang='lat' dir='ltr'>respondet</span> <span class='ocrx_word' id='word_1_152' title='bbox 758 2183 783 2213; x_wconf 88' lang='lat'>.,</span> <span class='ocrx_word' id='word_1_153' title='bbox 830 2154 956 2196; x_wconf 85' lang='lat' dir='ltr'>nec</span> <span class='ocrx_word' id='word_1_154' title='bbox 1006 2147 1122 2212; x_wconf 79' lang='lat' dir='ltr'>tu,</span> <span class='ocrx_word' id='word_1_155' title='bbox 1165 2130 1485 2210; x_wconf 72' lang='lat' dir='ltr'>Boccale,</span> <span class='ocrx_word' id='word_1_156' title='bbox 1536 2129 1786 2195; x_wconf 75' lang='lat' dir='ltr'>biolchi</span> 
     </span>
     <span class='ocr_line' id='line_1_22' title="bbox 103 2219 1741 2304; baseline 0.001 -20"><span class='ocrx_word' id='word_1_157' title='bbox 103 2219 441 2304; x_wconf 85' lang='lat' dir='ltr'>Officium,</span> <span class='ocrx_word' id='word_1_158' title='bbox 489 2221 809 2287; x_wconf 85' lang='lat' dir='ltr'>cazzando</span> <span class='ocrx_word' id='word_1_159' title='bbox 863 2223 1054 2287; x_wconf 64' lang='lat' dir='ltr'>boves</span> <span class='ocrx_word' id='word_1_160' title='bbox 1104 2222 1461 2288; x_wconf 83' lang='lat' dir='ltr'>conducere</span> <span class='ocrx_word' id='word_1_161' title='bbox 1512 2223 1741 2285; x_wconf 77' lang='lat' dir='ltr'>scires,</span> 
     </span>
    </p>
   </div>
   <div class='ocr_carea' id='block_1_3' title="bbox 0 2310 1983 2402">
    <p class='ocr_par' dir='ltr' id='par_1_13' title="bbox 0 2310 1983 2402">
     <span class='ocr_line' id='line_1_23' title="bbox 0 2310 1983 2402; baseline -0.001 -24"><span class='ocrx_word' id='word_1_162' title='bbox 0 2331 6 2352; x_wconf 69' lang='lat'><em>⁵</em></span> <span class='ocrx_word' id='word_1_163' title='bbox 108 2318 409 2402; x_wconf 86' lang='lat' dir='ltr'>Namque</span> <span class='ocrx_word' id='word_1_164' title='bbox 455 2314 853 2379; x_wconf 80' lang='lat' dir='ltr'>voiunteram</span> <span class='ocrx_word' id='word_1_165' title='bbox 904 2310 1208 2402; x_wconf 80' lang='lat' dir='ltr'>grassum,</span> <span class='ocrx_word' id='word_1_166' title='bbox 1263 2334 1652 2400; x_wconf 85' lang='lat' dir='ltr'>carnemque</span> <span class='ocrx_word' id='word_1_167' title='bbox 1688 2311 1983 2391; x_wconf 56' lang='lat' dir='ltr'>satiatam}</span> 
     </span>
    </p>
   </div>
   <div class='ocr_carea' id='block_1_4' title="bbox 2 2403 2190 3021">
    <p class='ocr_par' dir='ltr' id='par_1_14' title="bbox 2 2403 2190 3021">
     <span class='ocr_line' id='line_1_24' title="bbox 2 2403 2070 2494; baseline 0.001 -27"><span class='ocrx_word' id='word_1_168' title='bbox 2 2411 6 2415; x_wconf 84' lang='lat'>&#39;</span> <span class='ocrx_word' id='word_1_169' title='bbox 101 2409 280 2468; x_wconf 87' lang='lat' dir='ltr'>Dum</span> <span class='ocrx_word' id='word_1_170' title='bbox 329 2406 602 2486; x_wconf 78' lang='lat' dir='ltr'>robbaS‚</span> <span class='ocrx_word' id='word_1_171' title='bbox 638 2405 1033 2494; x_wconf 87' lang='lat' dir='ltr'>codigasque</span> <span class='ocrx_word' id='word_1_172' title='bbox 1083 2426 1304 2470; x_wconf 84' lang='lat' dir='ltr'>omnes</span> <span class='ocrx_word' id='word_1_173' title='bbox 1351 2408 1420 2468; x_wconf 89' lang='lat' dir='ltr'>in</span> <span class='ocrx_word' id='word_1_174' title='bbox 1472 2421 1728 2493; x_wconf 85' lang='lat' dir='ltr'>guttura</span> <span class='ocrx_word' id='word_1_175' title='bbox 1778 2403 2070 2478; x_wconf 54' lang='lat' dir='ltr'>mandam</span> 
     </span>
     <span class='ocr_line' id='line_1_25' title="bbox 106 2492 2116 2586; baseline 0 -27"><span class='ocrx_word' id='word_1_176' title='bbox 106 2500 260 2560; x_wconf 88' lang='lat' dir='ltr'>Non</span> <span class='ocrx_word' id='word_1_177' title='bbox 309 2518 591 2586; x_wconf 88' lang='lat' dir='ltr'>unquam</span> <span class='ocrx_word' id='word_1_178' title='bbox 635 2496 816 2561; x_wconf 89' lang='lat' dir='ltr'>lardo</span> <span class='ocrx_word' id='word_1_179' title='bbox 861 2492 1134 2586; x_wconf 85' lang='lat' dir='ltr'>fregares</span> <span class='ocrx_word' id='word_1_180' title='bbox 1184 2492 1363 2562; x_wconf 83' lang='lat' dir='ltr'>Fusta</span> <span class='ocrx_word' id='word_1_181' title='bbox 1410 2514 1690 2561; x_wconf 82' lang='lat' dir='ltr'>rotarum</span> <span class='ocrx_word' id='word_1_182' title='bbox 1738 2548 1758 2577; x_wconf 84' lang='lat'>,</span> <span class='ocrx_word' id='word_1_183' title='bbox 2111 2518 2116 2523; x_wconf 87' lang='lat'><em>·</em></span> 
     </span>
     <span class='ocr_line' id='line_1_26' title="bbox 101 2587 1801 2654; baseline 0.001 -4"><span class='ocrx_word' id='word_1_184' title='bbox 101 2594 182 2650; x_wconf 85' lang='lat' dir='ltr'>Et</span> <span class='ocrx_word' id='word_1_185' title='bbox 225 2600 338 2652; x_wconf 74' lang='lat' dir='ltr'>tua</span> <span class='ocrx_word' id='word_1_186' title='bbox 385 2592 696 2654; x_wconf 89' lang='lat' dir='ltr'>continuo</span> <span class='ocrx_word' id='word_1_187' title='bbox 743 2588 912 2654; x_wconf 83' lang='lat' dir='ltr'>male</span> <span class='ocrx_word' id='word_1_188' title='bbox 959 2587 1148 2654; x_wconf 58' lang='lat' dir='ltr'>undra</span> <span class='ocrx_word' id='word_1_189' title='bbox 1200 2603 1443 2654; x_wconf 88' lang='lat' dir='ltr'>caretta</span> <span class='ocrx_word' id='word_1_190' title='bbox 1491 2588 1801 2654; x_wconf 58' lang='lat' dir='ltr'>cridaret.</span> 
     </span>
     <span class='ocr_line' id='line_1_27' title="bbox 100 2676 1890 2762; baseline 0.001 -20"><span class='ocrx_word' id='word_1_191' title='bbox 100 2676 344 2744; x_wconf 76' lang='lat' dir='ltr'>Baldus</span> <span class='ocrx_word' id='word_1_192' title='bbox 387 2682 511 2762; x_wconf 86' lang='lat' dir='ltr'>ait,</span> <span class='ocrx_word' id='word_1_193' title='bbox 565 2702 671 2745; x_wconf 87' lang='lat' dir='ltr'>vos</span> <span class='ocrx_word' id='word_1_194' title='bbox 720 2681 916 2746; x_wconf 88' lang='lat' dir='ltr'>ambo</span> <span class='ocrx_word' id='word_1_195' title='bbox 964 2677 1101 2746; x_wconf 88' lang='lat' dir='ltr'>estis</span> <span class='ocrx_word' id='word_1_196' title='bbox 1146 2679 1228 2748; x_wconf 87' lang='lat'>(5)</span> <span class='ocrx_word' id='word_1_197' title='bbox 1273 2677 1576 2745; x_wconf 83' lang='lat' dir='ltr'>lemofina</span> <span class='ocrx_word' id='word_1_198' title='bbox 1629 2676 1890 2745; x_wconf 57' lang='lat' dir='ltr'>sancia-¹</span> 
     </span>
     <span class='ocr_line' id='line_1_28' title="bbox 107 2769 1920 2860; baseline 0.001 -26"><span class='ocrx_word' id='word_1_199' title='bbox 107 2773 382 2859; x_wconf 87' lang='lat' dir='ltr'>Tangite</span> <span class='ocrx_word' id='word_1_200' title='bbox 431 2778 562 2851; x_wconf 84' lang='lat' dir='ltr'>jam</span> <span class='ocrx_word' id='word_1_201' title='bbox 614 2770 836 2852; x_wconf 78' lang='lat' dir='ltr'>iittus,</span> <span class='ocrx_word' id='word_1_202' title='bbox 887 2788 956 2836; x_wconf 88' lang='lat' dir='ltr'>tu</span> <span class='ocrx_word' id='word_1_203' title='bbox 1009 2769 1314 2852; x_wconf 85' lang='lat' dir='ltr'>Fracaffe‚</span> <span class='ocrx_word' id='word_1_204' title='bbox 1343 2775 1569 2860; x_wconf 82' lang='lat' dir='ltr'>accipe</span> <span class='ocrx_word' id='word_1_205' title='bbox 1618 2771 1920 2849; x_wconf 83' lang='lat' dir='ltr'>cordam,</span> 
     </span>
     <span class='ocr_line' id='line_1_29' title="bbox 100 2860 2170 3005; baseline 0 -80"><span class='ocrx_word' id='word_1_206' title='bbox 100 2860 279 2939; x_wconf 71' lang='lat' dir='ltr'>Vade</span> <span class='ocrx_word' id='word_1_207' title='bbox 326 2865 497 2951; x_wconf 84' lang='lat' dir='ltr'>prius</span> <span class='ocrx_word' id='word_1_208' title='bbox 545 2863 867 2943; x_wconf 88' lang='lat' dir='ltr'>Boccale‚</span> <span class='ocrx_word' id='word_1_209' title='bbox 911 2863 1017 2939; x_wconf 81' lang='lat' dir='ltr'>sed</span> <span class='ocrx_word' id='word_1_210' title='bbox 1060 2864 1217 2929; x_wconf 90' lang='lat' dir='ltr'>heus</span> <span class='ocrx_word' id='word_1_211' title='bbox 1270 2864 1591 2943; x_wconf 88' lang='lat' dir='ltr'>Boccale,</span> <span class='ocrx_word' id='word_1_212' title='bbox 1641 2861 1904 2927; x_wconf 85' lang='lat' dir='ltr'>fiascum</span> <span class='ocrx_word' id='word_1_213' title='bbox 1974 2945 2037 3005; x_wconf 45' lang='lat' dir='ltr'>Li</span> <span class='ocrx_word' id='word_1_214' title='bbox 2136 2943 2170 3004; x_wconf 63' lang='lat' dir='ltr'>st</span> 
     </span>
     <span class='ocr_line' id='line_1_30' title="bbox 1214 2953 2190 3021; baseline -0.004 -12"><span class='ocrx_word' id='word_1_215' title='bbox 1214 2957 1266 3009; x_wconf 90' lang='lat' dir='ltr'>G</span> <span class='ocrx_word' id='word_1_216' title='bbox 1297 2972 1338 3021; x_wconf 57' lang='lat' dir='ltr'>‘g</span> <span class='ocrx_word' id='word_1_217' title='bbox 2027 2953 2130 3019; x_wconf 81' lang='lat' dir='ltr'>‘qui</span> <span class='ocrx_word' id='word_1_218' title='bbox 2175 2954 2190 3005; x_wconf 88' lang='lat' dir='ltr'>i</span> 
     </span>
    </p>
   </div>
   <div class='ocr_carea' id='block_1_5' title="bbox 94 3075 2250 3330">
    <p class='ocr_par' dir='ltr' id='par_1_15' title="bbox 94 3075 2250 3330">
     <span class='ocr_line' id='line_1_31' title="bbox 165 3075 2250 3147; baseline -0.002 -18"><span class='ocrx_word' id='word_1_219' title='bbox 165 3081 228 3133; x_wconf 77' lang='grc' dir='ltr'>(ι</span> <span class='ocrx_word' id='word_1_220' title='bbox 248 3083 280 3140; x_wconf 75' lang='lat' dir='ltr'>J</span> <span class='ocrx_word' id='word_1_221' title='bbox 329 3087 548 3143; x_wconf 74' lang='lat' dir='ltr'>Negam-</span> <span class='ocrx_word' id='word_1_222' title='bbox 592 3087 983 3147; x_wconf 71' lang='lat' dir='ltr'>immergeretur,</span> <span class='ocrx_word' id='word_1_223' title='bbox 1006 3097 1148 3134; x_wconf 80' lang='lat' dir='ltr'>meta·</span> <span class='ocrx_word' id='word_1_224' title='bbox 1212 3083 1377 3138; x_wconf 85' lang='lat' dir='ltr'>nicus-,</span> <span class='ocrx_word' id='word_1_225' title='bbox 1410 3082 1636 3145; x_wconf 74' lang='lat' dir='ltr'>fignificat</span> <span class='ocrx_word' id='word_1_226' title='bbox 1670 3092 1849 3130; x_wconf 76' lang='lat' dir='ltr'>autem:</span> <span class='ocrx_word' id='word_1_227' title='bbox 1885 3078 1929 3127; x_wconf 85' lang='lat' dir='ltr'>Si</span> <span class='ocrx_word' id='word_1_228' title='bbox 1965 3075 2079 3125; x_wconf 80' lang='lat' dir='ltr'>huic</span> <span class='ocrx_word' id='word_1_229' title='bbox 2113 3092 2250 3138; x_wconf 83' lang='lat' dir='ltr'>pecu-</span> 
     </span>
     <span class='ocr_line' id='line_1_32' title="bbox 111 3139 2250 3208; baseline -0.003 -21"><span class='ocrx_word' id='word_1_230' title='bbox 111 3139 300 3201; x_wconf 76' lang='lat' dir='ltr'>pbori&#39;ce</span> <span class='ocrx_word' id='word_1_231' title='bbox 330 3143 533 3191; x_wconf 73' lang='lat' dir='ltr'>dictum:</span> <span class='ocrx_word' id='word_1_232' title='bbox 578 3149 626 3192; x_wconf 69' lang='lat'>52</span> <span class='ocrx_word' id='word_1_233' title='bbox 656 3146 964 3208; x_wconf 73' lang='lat' dir='ltr'>annegarebbe.</span> <span class='ocrx_word' id='word_1_234' title='bbox 1211 3147 1334 3192; x_wconf 82' lang='lat' dir='ltr'>niam</span> <span class='ocrx_word' id='word_1_235' title='bbox 1372 3145 1593 3191; x_wconf 77' lang='lat' dir='ltr'>venetias</span> <span class='ocrx_word' id='word_1_236' title='bbox 1627 3142 1903 3190; x_wconf 84' lang='lat' dir='ltr'>mittendam</span> <span class='ocrx_word' id='word_1_237' title='bbox 1938 3139 2089 3185; x_wconf 82' lang='lat' dir='ltr'>tradas</span> <span class='ocrx_word' id='word_1_238' title='bbox 2119 3171 2133 3192; x_wconf 89' lang='lat'><strong>,</strong></span> <span class='ocrx_word' id='word_1_239' title='bbox 2167 3151 2250 3185; x_wconf 81' lang='lat' dir='ltr'>ex·</span> 
     </span>
     <span class='ocr_line' id='line_1_33' title="bbox 94 3199 2248 3271; baseline -0.006 -14"><span class='ocrx_word' id='word_1_240' title='bbox 94 3244 97 3246; x_wconf 91' lang='lat'><em>-</em></span> <span class='ocrx_word' id='word_1_241' title='bbox 168 3200 282 3260; x_wconf 86' lang='lat'>(²)</span> <span class='ocrx_word' id='word_1_242' title='bbox 314 3206 544 3263; x_wconf 74' lang='lat' dir='ltr'>Septemque</span> <span class='ocrx_word' id='word_1_243' title='bbox 565 3237 578 3253; x_wconf 83' lang='lat'>.</span> <span class='ocrx_word' id='word_1_244' title='bbox 619 3208 864 3271; x_wconf 82' lang='lat' dir='ltr'>Qotquot</span> <span class='ocrx_word' id='word_1_245' title='bbox 896 3218 1023 3255; x_wconf 78' lang='lat' dir='ltr'>erant</span> <span class='ocrx_word' id='word_1_246' title='bbox 1045 3208 1151 3255; x_wconf 80' lang='lat' dir='ltr'>Bal·</span> <span class='ocrx_word' id='word_1_247' title='bbox 1214 3206 1426 3265; x_wconf 87' lang='lat' dir='ltr'>peditiori</span> <span class='ocrx_word' id='word_1_248' title='bbox 1459 3205 1583 3258; x_wconf 85' lang='lat' dir='ltr'>furi,</span> <span class='ocrx_word' id='word_1_249' title='bbox 1619 3217 1664 3250; x_wconf 87' lang='lat' dir='ltr'>et</span> <span class='ocrx_word' id='word_1_250' title='bbox 1699 3201 1911 3262; x_wconf 73' lang='lat' dir='ltr'>paratior-i</span> <span class='ocrx_word' id='word_1_251' title='bbox 1946 3199 2122 3246; x_wconf 82' lang='lat' dir='ltr'>tradere</span> <span class='ocrx_word' id='word_1_252' title='bbox 2157 3213 2248 3245; x_wconf 86' lang='lat' dir='ltr'>non</span> 
     </span>
     <span class='ocr_line' id='line_1_34' title="bbox 98 3260 2248 3330; baseline -0.002 -20"><span class='ocrx_word' id='word_1_253' title='bbox 98 3261 152 3308; x_wconf 80' lang='lat' dir='ltr'>di</span> <span class='ocrx_word' id='word_1_254' title='bbox 183 3263 361 3311; x_wconf 76' lang='lat' dir='ltr'>sodales</span> <span class='ocrx_word' id='word_1_255' title='bbox 398 3295 416 3321; x_wconf 86' lang='lat'>,</span> <span class='ocrx_word' id='word_1_256' title='bbox 449 3266 636 3327; x_wconf 81' lang='lat' dir='ltr'>dempto</span> <span class='ocrx_word' id='word_1_257' title='bbox 670 3270 874 3330; x_wconf 83' lang='lat' dir='ltr'>Cingare</span> <span class='ocrx_word' id='word_1_258' title='bbox 914 3299 930 3323; x_wconf 92' lang='lat'>‚</span> <span class='ocrx_word' id='word_1_259' title='bbox 955 3281 1008 3316; x_wconf 79' lang='lat' dir='ltr'>et</span> <span class='ocrx_word' id='word_1_260' title='bbox 1041 3270 1145 3316; x_wconf 65' lang='lat' dir='ltr'>Fra·</span> <span class='ocrx_word' id='word_1_261' title='bbox 1212 3281 1384 3325; x_wconf 78' lang='lat' dir='ltr'>poteras</span> <span class='ocrx_word' id='word_1_262' title='bbox 1408 3296 1424 3311; x_wconf 84' lang='lat'>.</span> <span class='ocrx_word' id='word_1_263' title='bbox 1474 3267 1618 3311; x_wconf 81' lang='lat' dir='ltr'>Hunc</span> <span class='ocrx_word' id='word_1_264' title='bbox 1649 3264 1736 3311; x_wconf 78' lang='lat' dir='ltr'>effe</span> <span class='ocrx_word' id='word_1_265' title='bbox 1770 3261 1983 3308; x_wconf 59' lang='lat' dir='ltr'>Auctoris</span> <span class='ocrx_word' id='word_1_266' title='bbox 2018 3260 2191 3306; x_wconf 87' lang='lat' dir='ltr'>sensum</span> <span class='ocrx_word' id='word_1_267' title='bbox 2232 3290 2248 3313; x_wconf 83' lang='lat'>,</span> 
     </span>
    </p>
   </div>
   <div class='ocr_carea' id='block_1_6' title="bbox 103 3323 2252 3510">
    <p class='ocr_par' dir='ltr' id='par_1_16' title="bbox 103 3323 2252 3510">
     <span class='ocr_line' id='line_1_35' title="bbox 104 3323 2169 3388; baseline -0.004 -14"><span class='ocrx_word' id='word_1_268' title='bbox 104 3324 224 3368; x_wconf 67' lang='lat' dir='ltr'>carro</span> <span class='ocrx_word' id='word_1_269' title='bbox 249 3355 261 3366; x_wconf 88' lang='lat'><strong>·</strong></span> <span class='ocrx_word' id='word_1_270' title='bbox 1212 3327 1427 3388; x_wconf 70' lang='lat' dir='ltr'>Cingaris</span> <span class='ocrx_word' id='word_1_271' title='bbox 1460 3325 1681 3384; x_wconf 84' lang='lat' dir='ltr'>responfio</span> <span class='ocrx_word' id='word_1_272' title='bbox 1711 3323 1910 3369; x_wconf 83' lang='lat' dir='ltr'>declarat</span> <span class='ocrx_word' id='word_1_273' title='bbox 1932 3351 1948 3366; x_wconf 89' lang='grc'><strong>.</strong></span> <span class='ocrx_word' id='word_1_274' title='bbox 2165 3351 2169 3354; x_wconf 90' lang='grc'><strong>-</strong></span> 
     </span>
     <span class='ocr_line' id='line_1_36' title="bbox 168 3379 2252 3452; baseline -0.001 -24"><span class='ocrx_word' id='word_1_275' title='bbox 168 3386 187 3436; x_wconf 87' lang='grc'>(</span> <span class='ocrx_word' id='word_1_276' title='bbox 214 3388 275 3440; x_wconf 83' lang='lat'>3)</span> <span class='ocrx_word' id='word_1_277' title='bbox 308 3384 543 3434; x_wconf 72' lang='lat' dir='ltr'>cbiozzmi</span> <span class='ocrx_word' id='word_1_278' title='bbox 566 3419 581 3429; x_wconf 89' lang='lat'>-</span> <span class='ocrx_word' id='word_1_279' title='bbox 632 3390 702 3437; x_wconf 71' lang='lat' dir='ltr'>lta</span> <span class='ocrx_word' id='word_1_280' title='bbox 755 3398 979 3439; x_wconf 69' lang='lat' dir='ltr'>vocantur</span> <span class='ocrx_word' id='word_1_281' title='bbox 1026 3391 1146 3452; x_wconf 83' lang='lat' dir='ltr'>apud</span> <span class='ocrx_word' id='word_1_282' title='bbox 1273 3391 1289 3443; x_wconf 91' lang='lat'><strong>(</strong></span> <span class='ocrx_word' id='word_1_283' title='bbox 1316 3403 1338 3443; x_wconf 74' lang='grc' dir='ltr'><strong><em>ς</em></strong></span> <span class='ocrx_word' id='word_1_284' title='bbox 1364 3392 1382 3441; x_wconf 91' lang='grc'><strong>)</strong></span> <span class='ocrx_word' id='word_1_285' title='bbox 1417 3384 1619 3443; x_wconf 76' lang='lat' dir='ltr'>Lemofiaeae</span> <span class='ocrx_word' id='word_1_286' title='bbox 1649 3382 1799 3430; x_wconf 64' lang='lat' dir='ltr'>sanHa</span> <span class='ocrx_word' id='word_1_287' title='bbox 1821 3417 1836 3429; x_wconf 91' lang='lat'><strong>.</strong></span> <span class='ocrx_word' id='word_1_288' title='bbox 1893 3380 2150 3452; x_wconf 63' lang='lat' dir='ltr'>Vernacule</span> <span class='ocrx_word' id='word_1_289' title='bbox 2193 3379 2252 3451; x_wconf 74' lang='lat' dir='ltr'>de</span> 
     </span>
     <span class='ocr_line' id='line_1_37' title="bbox 103 3439 2249 3510; baseline -0.002 -19"><span class='ocrx_word' id='word_1_290' title='bbox 103 3457 186 3491; x_wconf 74' lang='lat' dir='ltr'>nos</span> <span class='ocrx_word' id='word_1_291' title='bbox 219 3458 386 3493; x_wconf 79' lang='lat' dir='ltr'>nautae</span> <span class='ocrx_word' id='word_1_292' title='bbox 420 3448 688 3497; x_wconf 82' lang='lat' dir='ltr'>Clodienses</span> <span class='ocrx_word' id='word_1_293' title='bbox 710 3482 725 3496; x_wconf 91' lang='lat'><strong>.</strong></span> <span class='ocrx_word' id='word_1_294' title='bbox 1210 3449 1415 3510; x_wconf 86' lang='lat' dir='ltr'>improbo</span> <span class='ocrx_word' id='word_1_295' title='bbox 1452 3447 1638 3493; x_wconf 84' lang='lat' dir='ltr'>homine</span> <span class='ocrx_word' id='word_1_296' title='bbox 1668 3444 1838 3492; x_wconf 85' lang='lat' dir='ltr'>ironice</span> <span class='ocrx_word' id='word_1_297' title='bbox 1888 3459 1964 3501; x_wconf 82' lang='lat' dir='ltr'>per</span> <span class='ocrx_word' id='word_1_298' title='bbox 1997 3455 2150 3500; x_wconf 71' lang='lat' dir='ltr'>jocum</span> <span class='ocrx_word' id='word_1_299' title='bbox 2180 3439 2249 3488; x_wconf 83' lang='lat' dir='ltr'>dr·</span> 
     </span>
    </p>
   </div>
   <div class='ocr_carea' id='block_1_7' title="bbox 163 3502 1975 3571">
    <p class='ocr_par' dir='ltr' id='par_1_17' title="bbox 163 3502 1975 3571">
     <span class='ocr_line' id='line_1_38' title="bbox 163 3502 1975 3571; baseline -0.005 -11"><span class='ocrx_word' id='word_1_300' title='bbox 163 3506 232 3567; x_wconf 66' lang='lat'>(3</span> <span class='ocrx_word' id='word_1_301' title='bbox 249 3511 268 3565; x_wconf 79' lang='grc'><strong><em>)</em></strong></span> <span class='ocrx_word' id='word_1_302' title='bbox 299 3511 444 3569; x_wconf 58' lang='lat' dir='ltr'>guam</span> <span class='ocrx_word' id='word_1_303' title='bbox 462 3507 577 3565; x_wconf 79' lang='lat' dir='ltr'>som</span> <span class='ocrx_word' id='word_1_304' title='bbox 605 3522 683 3571; x_wconf 77' lang='lat' dir='ltr'>m,</span> <span class='ocrx_word' id='word_1_305' title='bbox 735 3512 899 3562; x_wconf 83' lang='lat' dir='ltr'>Sensus</span> <span class='ocrx_word' id='word_1_306' title='bbox 931 3514 1014 3563; x_wconf 63' lang='lat' dir='ltr'>⁴est</span> <span class='ocrx_word' id='word_1_307' title='bbox 1052 3513 1139 3561; x_wconf 88' lang='lat' dir='ltr'>iro·</span> <span class='ocrx_word' id='word_1_308' title='bbox 1207 3513 1388 3563; x_wconf 80' lang='lat' dir='ltr'>cimus:</span> <span class='ocrx_word' id='word_1_309' title='bbox 1424 3505 1578 3568; x_wconf 57' lang='lat' dir='ltr'>Effunae</span> <span class='ocrx_word' id='word_1_310' title='bbox 1608 3507 1736 3557; x_wconf 76' lang='lat' dir='ltr'>huma</span> <span class='ocrx_word' id='word_1_311' title='bbox 1763 3502 1942 3562; x_wconf 70' lang='lat' dir='ltr'>limofina</span> <span class='ocrx_word' id='word_1_312' title='bbox 1963 3536 1975 3551; x_wconf 89' lang='lat'><strong>.</strong></span> 
     </span>
    </p>
   </div>
  </div>
 </body>
</html>
