2808 4172
537 224 689 308 294⁵
1000 171 1823 303 MACARONEA
1900 215 2076 316 xm

259 383 262 387 ’
430 378 513 437 Se
565 368 889 460 gonflan't,
927 371 1450 460 solique‘tenent
1494 373 1792 439 andando
1843 378 2215 440 caminum.

433 468 498 528 si
544 469 683 552 quis
731 488 854 530 non
906 464 1004 549 illi
1062 466 1324 530 brettam
1379 484 1605 554 cavat,
1658 466 1768 531 ille
1814 486 2103 532 notatur.

434 559 729 644 Denique
778 555 908 647 post
961 574 1195 623 tantos
1209 555 1433 640 fastuS,
1453 556 1810 654 tantosque
1861 578 2181 638 tumores,

432 655 634 737 Supra
685 650 1091 715 lombardum
1139 654 1225 714 se
1246 650 1495 717 firmant
1538 658 1731 717 ecce
1741 658 2171 741 quajottum

433 742 624 805 Unde
676 729 817 807 suus
871 741 1010 807 finis
1057 743 1315 809 tandem
1363 742 1472 810 nifi
1522 736 1765 809 merda
1786 760 2077 809 vocatur.

432 837 587 898 Non
637 833 819 899 aliter
851 842 929 900 (1)
978 831 1136 901 ficut
1185 835 1467 902 muscam
1515 839 1807 928 persaepe
1859 837 2115 916 notavi,

428 930 606 1006 Quae
658 923 885 991 fimiies
934 950 1087 991 auro
1136 925 1252 993 fert
1297 929 1464 1011 aiaS,
1504 948 1705 1020 atque
1750 929 2005 1009 velum,

426 1023 608 1098 Qae
658 1042 957 1108 quoque,
1013 1018 1166 1084 dum
1218 1021 1431 1103 volat,
1487 1022 1745 1090 dulcem
1777 1037 1987 1086 movet
2031 1042 2138 1086 ore
2185 1038 2665 1104 camoenams

430 1115 630 1175 Nunc
683 1111 849 1192 huc,
903 1134 1074 1175 nunc
1131 1111 1290 1178 illuc
1339 1114 1610 1179 volitans
1657 1115 2003 1201 vaditque,
2005 1166 2008 1169 .
2056 1112 2378 1199 reditque,

426 1209 635 1286 Quam
681 1201 886 1268 facere
938 1206 1257 1292 egregiam
1305 1209 1517 1272 cosam
1567 1224 1723 1272 tunc
1773 1206 1932 1271 vene
1982 1221 2307 1294 putamus,

427 1298 667 1360 Forsan
716 1293 1108 1364 odoriferum
1152 1300 1211 1362 se
1262 1300 1589 1389 imponere
1642 1301 1821 1388 supra
1865 1295 2122 1376 florem,
2330 1375 2334 1381 ⁵

419 1393 568 1471 Qo
623 1388 801 1454 bibat
844 1387 1022 1454 instar
1069 1392 1202 1479 apis
1250 1394 1349 1455 seu
1406 1413 1741 1473 mannam,
1795 1385 1914 1455 five
1960 1387 2282 1462 ros-adam

423 1485 579 1564 Quis
628 1504 751 1546 non
806 1483 868 1548 id
921 1485 1135 1572 penset
1186 1506 1333 1547 cum
1391 1483 1459 1548 fit
1508 1503 1638 1550 tam
1691 1482 1957 1574 pulcher
2005 1477 2310 1549 ofellus?-

424 1574 971 1664 Dulcisonamque
1022 1598 1255 1640 canens
1306 1574 1596 1644 frotolam
1645 1582 1859 1643 Sirena
1911 1574 2265 1640 videtur?

424 1673 655 1730 Verum
708 1665 835 1756 post
886 1668 1105 1756 longos
1158 1669 1488 1747 moduloS,
1540 1672 1871 1759 variosque
1907 1666 2186 1748 volatus,

425 1759 690 1846 Postque
746 1761 1101 1825 bravariam
1145 1772 1166 1834 (
1205 1763 1418 1826 videas
1463 1786 1654 1852 quam
1696 1766 1895 1851 turpis
1950 1759 2221 1824 habetur

424 1853 706 1925 Exitus)
744 1875 819 1917 en
874 1850 1181 1916 (ὶτοῐπυιη
1232 1853 1477 1942 plantat
1527 1859 1586 1919 se
1634 1855 1904 1941 desuper
1951 1873 2194 1916 unum.

425 1940 530 2006 Oh
591 1943 830 2010 bellam
883 1942 1211 2033 puntiam,
1267 1969 1456 2034 quam
1510 1945 1705 2011 nostra
1755 1944 2042 2034 snperbia
2090 1944 2323 2008 tentat!

422 2032 673 2098 Ambi
656 2058 720 2098 ιο
770 2040 962 2100 vanos
1014 2041 1249 2123 pascit,
1302 2038 1463 2102 mihi
1517 2040 1795 2117 credite,
1851 2054 2096 2101 ventes.

424 2130 515 2190 Hi
563 2124 887 2215 postquam
942 2125 1176 2193 fuerint
1229 2129 1516 2207 nebulis,
1570 2128 1845 2217 flatuque
1895 2129 2114 2217 pieni,

420 2224 589 2283 Ecce
639 2224 971 2308 repentino
1021 2218 1312 2286 fortunae
1361 2221 1614 2285 verbere
1666 2230 1958 2309 crepant,

421 2317 715 2399 Dantque
770 2314 1247 2378 stramazzcnem
1304 2313 1527 2393 talem,
1583 2313 1904 2402 talemque
1956 2310 2256 2379 cuiadam
2293 2363 2314 2395 ,

419 2403 608 2486 Qod
655 2426 1000 2493 numquam
1052 2409 1316 2493 surgunt
1368 2412 1428 2469 in
1483 2425 1619 2470 toro
1669 2423 1950 2493 tempore
2000 2408 2201 2469 vitae.

422 2494 708 2559 Credunt
759 2500 956 2560 insani
1011 2502 1251 2585 semper
1301 2499 1629 2561 cumulare
1681 2494 2101 2582 TriumphoS‚

417 2593 498 2652 Et
548 2586 715 2675 qucd
772 2587 1030 2670 habent,
1086 2588 1388 2676 perdunt,
1445 2590 1638 2653 veluti
1696 2586 1995 2651 Mastinus
2046 2590 2264 2678 Esopi.

419 2681 550 2742 Hic
604 2679 764 2744 dum
814 2642 1098 2745 robatam
1156 2680 1437 2768 gestabat
1492 2685 1551 2746 in
1605 2702 1710 2744 ore
1763 2679 2105 2761 coradr‘m,

420 2773 687 2834 Miravit
733 2776 1052 2861 propriam
1108 2771 1368 2860 liquidis
1422 2776 1482 2838 in
1534 2771 1820 2837 fontibus
1873 2774 2210 2855 umbram,

418 2866 518 2925 Ac
573 2863 863 2928 umbram
918 2867 1119 2929 carnis
1169 2871 1478 2945 majorem
1526 2865 1803 2930 credidit
1853 2863 1972 2928 effe

417 2960 831 3036 Bocconem,
882 2975 1260 3047 quapropter
1310 2981 1501 3046 aquas
1552 2962 1610 3022 se
1660 2960 1819 3038 jecit
1867 2961 1929 3021 in
1983 2955 2156 3033 illas,

412 3051 492 3114 Et
537 3069 791 3111 carnem
843 3048 1165 3137 linquenS,
1222 3052 1514 3115 umbram
1566 3050 1870 3157 deceptus
1913 3048 2224 3131 aboccat,

416 3141 585 3202 Nam
642 3140 1085 3207 bocconadam
1141 3165 1250 3230 pro
1299 3165 1483 3207 carne
1534 3145 1735 3230 piavit
1783 3147 2126 3228 aquarum.

413 3232 519 3292 Sic
568 3253 691 3295 non
747 3238 1032 3298 contenti
1090 3256 1322 3321 magna
1373 3234 1474 3321 de
1504 3249 1679 3322 parte
1731 3231 1982 3319 superbi

413 3307 515 3384 Ad
572 3338 775 3387 totum
832 3329 1109 3414 spir,ant
1164 3346 1225 3392 et
1274 3343 1519 3438 partem
1566 3325 1842 3412 denique
1893 3323 2199 3413 perdunt.

1427 3467 1431 3471 -
1689 3468 1691 3470 -
2328 3477 2331 3479 ,
2380 3416 2547 3479 Cum
2605 3413 2627 3463 s

477 3505 544 3561 (ι)
582 3512 681 3551 Non
712 3507 875 3558 aliter.
898 3508 1022 3556 Nota
1059 3506 1343 3567 ingeniosam
1376 3505 1763 3567 similitudinem,
1803 3507 2013 3570 quamvis
2047 3505 2411 3568 turpiuscutam·
