2808 4172
810 203 1612 299 MERLINIJ
2034 196 2186 296 ‘137

154 368 605 439 Desmontarat
646 386 885 456 equum
903 360 1387 452 ,secub'ansque
1435 357 1768 452 premebat
1813 375 2110 451 arenam3
2211 388 2214 391 ,

159 469 364 529 Notat
410 462 585 527 enim
637 462 790 525 Liro
838 456 1146 539 fratrem·-,
1189 455 1557 549 praecedit,
1608 471 1671 519 et
1719 449 1928 526 illum,

156 555 519 635 Admonet,
559 569 634 618 ut
677 563 761 632 (ι)
810 549 988 637 sortis
1029 546 1186 617 velit
1229 553 1531 638 ⁴incagare
1583 544 1883 637 flagello,

153 653 365 736 Seque
418 646 884 712 valenthomi-ni
932 665 1368 756 comfagnum
1417 637 1914 708 tradere‘ssaldo
1942 684 1959 701 .
2006 694 2009 697 ,

153 748 313 807 Sum
359 756 745 821 contentus,
782 741 879 805 ait
906 790 927 816 ,
973 730 1214 804 famam
1261 757 1682 828 quaecunque
1735 725 2109 804 comandam-

149 837 388 916 Dixit,
443 850 506 897 et
555 833 637 900 ad
687 829 967 900 Baldurn
1017 832 1262 898 brazzis
1318 830 1614 896 currebat
1659 831 1926 920 apert-is.

156 926 403 995 Baldus
433 925 815 993 >a=morevolo
866 923 1043 991 vnltu
1093 926 1228 991 cito
1270 920 1542 1016 suscipit
1591 921 1782 988 illum
1812 973 1832 1002 ‚

149 1023 637 1108 Germanosque
686 1020 849 1086 duos
897 1017 1165 1085 laetatur
1212 1017 1450 1086 habere
1494 1017 1781 1101 sodales,

150 1121 277 1181 Pro
328 1136 602 1203 quorum
650 1110 879 1195 forzis,
924 1135 1184 1180 omnem
1235 1111 1404 1177 nihil
1451 1113 1725 1178 extimat
1788 1107 2051 1173 orbem.

100 1268 111 1277 .
155 1211 466 1275 Attamen
517 1207 644 1273 heu
686 1207 907 1274 taedet
955 1230 1082 1272 non
1133 1227 1385 1274 cernere
1437 1203 1605 1296 poffe
1653 1203 2040 1279 Giubettum
2083 1250 2102 1281 ,

150 1310 397 1368 Omnes
444 1299 768 1381 judicium
818 1299 1069 1366 faciunt
1122 1299 1293 1368 hunc
1345 1296 1468 1364 effe
1510 1317 1811 1389 negatum
1842 1344 1859 1359 .

157 1405 244 1463 In
292 1390 726 1460 Roccafortae
776 1392 1011 1462 Baldus
1063 1398 1123 1459 se
1167 1415 1396 1461 arzone
1445 1397 1727 1484 p-iantat‚

157 1490 565 1576 Lironusque
617 1491 800 1553 suum
854 1510 981 1552 non
1032 1486 1210 1556 laffat
1256 1488 1882 1578 Spezza·cadenam,

159 1579 422 1645 Nobilis
472 1579 721 1646 exultat
766 1580 1042 1647 Pardum
1098 1585 1465 1672 manegiare
1517 1582 1815 1647 Rubinus
1844 1633 1865 1661 ,

155 1671 408 1762 Hippol
459 1677 758 1738 Centauri
811 1691 1054 1763 partem
1106 1679 1418 1741 montavit
1466 1679 1815 1764 equinam,

155 1768 402 1854 Cingar
453 1764 547 1830 nil
599 1788 825 1831 curans
871 1764 1095 1832 stafferi
1148 1767 1233 1835 (2)
1285 1790 1462 1833 more
1510 1766 1857 1858 pedestrat,

156 1866 382 1924 Donec
431 1860 798 1947 Agasonem
838 1912 857 1942 ,
911 1859 1103 1927 binos
1150 1865 1262 1950 qui
1306 1878 1522 1926 menat
1572 1860 1816 1927 Asellos

156 1950 383 2032 Vidit,
434 1968 498 2016 et
546 1951 695 2036 olh,
736 1952 1030 2042 gridans,
1082 1951 1242 2020 fecit
1290 1953 1509 2019 restare
1565 1953 2004 2018 bonhomum.

16 2109 25 2115 ..
162 2051 256 2109 Ut
308 2067 507 2134 prope
559 2051 804 2136 Cinga'r
855 2045 1059 2112 adest:
1110 2071 1240 2137 quo
1292 2049 1472 2113 vadi-s
1518 2043 1792 2112 rustice?
1846 2043 2054 2135 paria:

56 2206 64 2209 ἢ
161 2141 290 2203 Cui
342 2138 681 2226 respondet
733 2138 971 2204 homo:
1027 2140 1173 2205 bala
1228 2152 1312 2221 (3)
1361 2140 1470 2228 gia
1522 2137 1673 2203 chiz
1722 2136 1974 2203 foc'lea
2025 2152 2286 2223 gozca«

158 2229 342 2312 Quid
396 2232 633 2296 Diavol
677 2230 821 2297 ais?
868 2228 994 2295 fert
1039 2237 1331 2319 Cingar,
1386 2228 1512 2295 fiste
1563 2234 1936 2295 caminum:

163 2329 314 2406 Qo
369 2318 489 2387 fine
536 2347 639 2388 me
692 2322 935 2389 vadis?
985 2322 1069 2388 sta
1115 2325 1305 2406 dico,
1357 2326 1598 2391 smonta
1650 2322 1891 2401 vilane3

167 2423 342 2482 Nam
391 2415 568 2481 velut
611 2419 679 2479 in
733 2416 943 2504 legem
1001 2417 1273 2482 nostram
1326 2431 1629 2506 pracepta
1681 2413 2123 2494 comandant‚

163 2510 469 2595 Qisquis
519 2508 715 2573 habet
766 2512 1018 2574 tunicas
1067 2510 1251 2577 binas
1299 2511 1451 2575 dare
1500 2514 1800 2574 convenit
1849 2529 2093 2585 unam,

167 2603 275 2664 Sic
327 2602 466 2687 quis
515 2599 710 2665 habet
762 2601 946 2666 binos
986 2599 1184 2671 afinos
1233 2603 1385 2669 dare
1432 2605 1738 2668 convenit
1788 2622 2031 2668 unum.

173 2686 471 2756 Rusticus
515 2691 843 2774 exululat,
895 2693 1115 2764 stentat
1161 2701 1474 2763 smontare
1524 2698 1922 2784 giumentam
1956 2746 1977 2775 ,

176 2789 331 2847 Non
382 2787 616 2848 intesus
665 2787 790 2850 ait:
847 2784 952 2849 bla
994 2801 1084 2864 (4)
1134 2782 1259 2855 bla‘
1290 2791 1600 2855 cocozina
1650 2789 1931 2855 la-ocriz.

171 2879 281 2945 sic
332 2875 551 2942 dicens
602 2876 850 2942 coll-um
906 2877 1150 2945 brazzis
1200 2880 1543 2970 stringebat
1592 2882 1811 2946 aselli.

178 2973 583 3060 Compagnia
632 2973 808 3062 capit
855 2971 972 3037 tali
1025 2972 1263 3039 solacia
1314 2971 1526 3037 fanu.
2051 3017 2056 3021 -

1343 3067 1380 3120 S
2067 3072 2270 3136 Cingar

245 3226 299 3280 (π
325 3228 344 3282 )
376 3229 433 3270 tn·
459 3221 586 3285 [mis
611 3219 695 3274 etc.
725 3229 807 3282 Ut
846 3230 968 3281 veut
1005 3232 1140 3282 sonis
1160 3233 1231 3280 in.
1357 3234 1375 3288 (
1397 3234 1462 3291 4)
1497 3231 1583 3276 Bla
1603 3229 1699 3280 bla.
1721 3227 1860 3280 Aliae
1876 3227 2087 3278 hau-barae
2107 3229 2335 3292 loquutio«

184 3287 390 3335 fortunia
422 3302 717 3338 contemnere
740 3323 757 3338 .
1299 3294 1369 3340 nis
1403 3309 1560 3346 voces,
1595 3296 1644 3340 in
1679 3296 1908 3342 barbaram
1950 3292 2172 3351 siquidem
2195 3293 2342 3351 regio-

245 3348 353 3403 (ι)
386 3349 584 3403 Stafferi.
627 3353 752 3399 Servi
794 3370 821 3401 a
859 3353 1052 3415 pedibus
1073 3389 1087 3403 .
1296 3371 1400 3403 nem
1442 3357 1716 3415 appulerant
1737 3389 1747 3399 .
1770 3355 2048 3415 Significant
2079 3370 2233 3401 autem
2282 3369 2339 3398 ex

246 3411 263 3460 (
291 3423 310 3465 3
337 3411 355 3464 )
406 3412 523 3455 Boia
538 3421 614 3456 etc.
635 3413 742 3461 Hae
761 3419 983 3464 voceri'n
1024 3418 1229 3465 editione
1296 3419 1548 3477 supradista
1581 3418 1817 3466 editione:
1862 3415 1929 3471 stt
1948 3447 1964 3471 2
1991 3414 2056 3470 sta
2078 3448 2093 3471 ν
2122 3416 2348 3474 Praeda*

183 3470 466 3517 Hellandica
500 3470 567 3519 ita
607 3473 938 3535 interpretatur
958 3497 969 3524 ι
992 3483 1126 3537 vade,
1156 3495 1230 3526 nec
1293 3486 1504 3528 viatorum
1527 3513 1537 3524 .

182 3545 312 3577 meum
342 3535 550 3594 praepedl
558 3551 609 3581 as
640 3541 720 3583 iter
741 3567 759 3583 .
