2808 4172
740 176 964 269 Rebus
991 175 1232 280 gestis,
1271 180 1365 274 θ’
1385 173 1685 278 Ῑὲνὶρεὶες
1895 267 1918 278 ‚⁶
2073 206 2204 262 κη

301 338 478 433 Opus
517 351 644 409 ὄις.
697 340 874 431 apud
912 338 1335 430 Bcvilaquam
1385 346 1778 408 Mocxm.
1827 342 1894 407 in
1944 365 2050 410 12.
2090 369 2126 411 a
2193 351 2314 413 Ni·

88 453 382 517 'ceronio
422 446 685 515 refertur
712 457 776 512 ὅτ.
805 443 926 511 fine
978 449 1141 511 notis
1180 446 1343 511 hanc
1379 440 1499 509 effe
1538 442 1851 536 suspicor,
1896 450 2314 536 quemadmo-

115 565 274 628 dum
326 554 447 623 fine
506 560 670 624 notis
730 554 795 622 in
869 559 1109 648 saepius
1160 554 1873 622 laudatassibliotheca
1919 554 2259 624 asservatur
2291 581 2311 625 ’.

114 670 266 738 Alia
328 694 475 736 vero
522 663 770 737 eodem
804 691 970 732 anno
1005 719 1022 747 ,
1107 674 1171 730 δι
1218 664 1306 728 αἱ).
1354 664 1579 730 eodem
1647 666 2078 758 Typographo
2125 666 2302 760 apud*

112 803 217 847 me
264 785 621 873 reperitur,
670 782 894 859 NotiS,
942 785 1007 842 &
1063 767 1464 861 Imaginibus
1501 793 1844 842 exornata.

292 893 565 979 Partssjs
619 893 826 959 1612.
866 890 928 952 in
984 906 1092 951 12.

294 998 764 1088 Amflelodamtj
808 1003 1009 1084 1691.
1031 1000 1098 1061 in
1143 1000 1483 1078 12.Q1ae
1522 991 1690 1058 duae
1733 994 2064 1062 Editiones
2107 1018 2148 1062 a
2185 971 2303 1067 Ni-

90 1119 372 1187 -ceronio
416 1108 810 1179 referuntur„

241 1294 243 1297 ,
283 1227 462 1318 Opus
547 1221 1017 1309 Amstelodamij
1104 1220 1281 1316 apud
1361 1219 1799 1292 Abrahamum
1875 1250 1918 1293 a
1995 1223 2305 1295 Jomeren

104 1347 499 1408 MDCXC11
550 1343 615 1405 in
664 1343 724 1407 8.
775 1349 954 1406 Haec
1003 1343 1301 1403 omnium
1351 1337 1582 1403 ultima
1629 1333 1886 1427 sigum,
1945 1347 2009 1405 &
2051 1336 2302 1405 notulis

104 1432 365 1537 ornata,
408 1455 700 1531 omnium
746 1452 978 1540 pariter
1029 1445 1111 1514 est
1162 1445 1627 1537 vulgatissima,
1681 1452 2011 1517 Erroribus
2050 1450 2244 1542 plena
2275 1512 2298 1541 ‚

107 1583 397 1653 quaeque
442 1557 791 1628 manifestat
836 1562 980 1624 satis
1024 1613 1044 1640 ,
1114 1562 1470 1648 Aquarium
1517 1560 1707 1626 illum
1754 1560 2074 1628 Lodulam
2102 1613 2125 1645 ,
2171 1576 2301 1628 non

99 1677 312 1765 ipsum
359 1674 706 1740 Merlinum
742 1723 761 1755 ,
800 1687 883 1737 .ut
924 1671 1264 1736 autumant
1303 1670 1556 1762 aliqui,
1606 1668 1712 1738 sed
1766 1673 2026 1740 Mei-lini
2074 1695 2289 1739 corru-

93 1803 339 1878 ptorem
388 1783 567 1853 fuiss'e
597 1835 613 1853 .
664 1795 739 1851 In
786 1785 864 1851 iis
908 1786 1086 1848 enim
1137 1782 1613 1870 hallucinatur,
1658 1809 1827 1876 quae
1873 1807 1991 1854 nec
2024 1783 2289 1854 doeium

93 1901 306 1965 virum
376 1900 663 1977 decent,
728 1918 846 1962 nec
913 1896 1317 1974 eruditum3·
1368 1894 1703 1987 ipsumque
1769 1903 2070 1966 Mantuae
2159 1896 2314 1964 fines

88 2033 419 2102 nunquam
467 1981 726 2091 vidisse,
782 2010 930 2074 satis
979 2009 1220 2099 liquet,
1231 2064 1233 2066 .
1273 2024 1353 2073 ut·
1373 2012 1870 2075 Commentariis
1916 2005 2134 2076 nostris
2186 2010 2311 2075 suis

87 2117 251 2185 locis
298 2117 729 2184 ostendemus,
777 2116 1071 2184 Austoris
1120 2121 1266 2184 Vita
1312 2143 1348 2183 a
1401 2114 1741 2187 Tomafino
1770 2119 2056 2187 extraEta
2105 2143 2299 2213 appo·

87 2232 294 2295 nitur.
347 2240 554 2320 Opus,
608 2235 790 2311 cujus
813 2231 945 2296 laus
986 2252 1067 2294 ex
1098 2231 1370 2298 duorum
1408 2231 1793 2301 idiomatum
1825 2229 2080 2298 venusta
2123 2255 2304 2298 com·

82 2338 376 2406 mistione
437 2340 793 2408 desumitur
829 2395 849 2423 ‚
912 2329 1222 2410 aH'aliud
1294 2344 1617 2410 diversum
1670 2343 1914 2410 idioma
1964 2330 2291 2410 transferti

81 2477 208 2522 non
253 2452 519 2546 putuisse
587 2456 789 2521 videri
856 2455 1051 2546 poffet
1085 2504 1100 2520 .
1169 2455 1427 2520 Merlini
1478 2449 1694 2521 tamen
1738 2462 1916 2547 Opus
1969 2458 2032 2520 in
2084 2452 2294 2520 Galli·

82 2584 234 2628 cuin
293 2564 644 2628 sermonem
709 2562 1088 2631 conversum
1166 2560 1347 2631 fuiffe
1412 2558 1602 2631 refert
1654 2568 2044 2648 Niceronius
2085 2616 2105 2646 ‚
2179 2563 2294 2630 sub

84 2670 214 2740 hoc
267 2675 492 2737 titulo:
545 2673 814 2756 Hzstoire
861 2674 1316 2763 Macaronique
1374 2671 1451 2741 de
1498 2671 1742 2741 Merlin
1791 2676 1855 2743 C
1864 2670 2039 2759 ocaje
2087 2671 2302 2742 Proto·

82 2785 210 2872 tipe
254 2781 358 2850 des
406 2780 708 2863 Rebelass
729 2835 743 2850 .
790 2783 949 2850 Plus
993 2782 1312 2852 l’horrible
1359 2778 1654 2851 battaille
1695 2779 1803 2852 des
1839 2779 2178 2867 Mouches,
2215 2787 2305 2862 &t

77 2892 186 2960 des
228 2892 553 2961 Fourmis.
608 2901 744 2964 Nec
795 2921 1030 2979 annm,
1082 2920 1198 2963 nec
1255 2898 1470 2980 locuS,
1524 2918 1643 2963 nec
1691 2895 2157 2987 Typographia
2205 2901 2300 2964 as·

81 3001 434 3096 signantur,
487 3032 601 3075 nec
653 3034 838 3100 quem
873 3011 1120 3078 exitum
1150 3020 1324 3100 Opus
1373 3009 1707 3091 habuerit,
1751 3010 1925 3098 quod
1973 3011 2055 3075 ad
2105 3008 2290 3082 aliud

74 3117 324 3182 idioma
374 3121 743 3187 translatum
782 3171 802 3204 ,
868 3122 1152 3187 multum
1217 3120 1555 3187 venustatis
1616 3101 2093 3211 deperdidiffe,
2162 3141 2293 3185 non

78 3228 162 3295 est
211 3230 718 3320 ambigendum.

261 3340 364 3409 Ad
420 3343 662 3412 idioma
711 3344 946 3436 pariter
987 3344 1338 3415 Turcicum
1404 3343 1776 3412 translatum
1829 3299 2013 3410 fuiffe
2062 3342 2127 3409 in
2173 3349 2292 3409 Fo·

1324 3467 1359 3536 f
2093 3469 2197 3536 liis
