2808 4172
821 178 1608 306 MERLlnn
1690 277 1700 282 .
2042 238 2186 312 127

127 369 457 462 Postquam
508 372 852 461 presentem
897 391 1029 436 >nou
1081 368 1246 437 ultra·
1285 367 1532 436 viderat
1587 368 1880 454 hostem,

125 476 294 533 Inter
344 462 620 530 corsaros
669 463 872 528 multa
923 460 984 528 se
1033 462 1344 531 meseolat
1391 465 1520 528 ira.

84 563 271 625 ,Non
317 557 544 650 procul
588 552 967 622 est-francus
1018 555 1426 637 Falehettus,
1480 571 1647 623 totus
1694 556 1983 638 abrasat,

13 687 43 719 ,ε
119 656 565 746 Mazzatasque
613 646 698 715 (ι)
745 649 886 714 orbi
936 665 1153 715 menat
1199 648 1345 731 hic,
1402 666 1615 715 menat
1665 650 1806 717 illi-c
1836 695 1861 731 ,‹
1903 662 1974 714 et>
2007 669 2150 714 >uno

123 745 408 813 Vulnere
458 746 680 815 soletto
725 741 951 832 polpas
986 742 1438 825 -disehiantat‚
1493 759 1556 807 et
1605 742 1729 811 offa
1761 792 1775 808 .

129 841 222 904 Hi
274 840 407 905 duo
456 835 730 907 restretti-
768 832 948 902 fimul
999 838 1264 928 agmina·
1311 840 1531 927 grossa
1576 839 1971 916 subintrant,

20 1004 30 1019 „A
123 937 458 1000 Extremas
504 955 728 1021 provas
780 926 1070 1013 faciunt,
1124 931 1284 998 dant
1330 949 1510 1019 terga
1573 931 1857 999 ladrones

122 1031 424 1109 Pyratae,
487 1025 592 1094 sed
641 1042 812 1090 retro
866 1041 1130 1091 manent
1176 1030 1282 1091 sua
1336 1023 1599 1091 brachia
1650 1041 1912 1092 trunca.
2017 1065 2020 1068 ι

38 1163 41 1166 >
117 1118 397 1205 Quando
447 1122 782 1185 resentitus
839 1118 1016 1185 videt
1063 1118 1311 1210 Hippoi
1364 1138 1543 1209 terga
1597 1120 1838 1186 sodales

118 1219 426 1300 Vertere,
472 1213 774 1279 dicebat:
821 1214 935 1301 qui
989 1234 1135 1280 nam
1187 1218 1333 1280 sunt
1377 1210 1451 1277 -hi
1503 1210 1838 1290 Paladini,
1947 1228 1950 1230 ·

123 1311 299 1390 Quos
350 1328 478 1370 non
522 1301 643 1370 effe
695 1309 868 1373 viros·
914 1321 1106 1394 puto,
1159 1305 1265 1372 sed
1310 1307 1521 1393 magis
1561 1303 1679 1373 effe
1727 1301 2038 1371 diablos?

303 1397 540 1463 Baldus
587 1396 922 1488 pugnabat
973 1398 1249 1465 nudatus
1297 1415 1519 1466 contra
1571 1402 1917 1479 Li-ronem,
1983 1444 1988 1448 -

115 1497 326 1583 Quem
373 1493 560 1556 nimis
610 1490 1013 1580 impavidum
1061 1514 1188 1558 non
1232 1490 1633 1583 conquistare
1685 1492 1984 1569 valebat,

99 1590 341 1648 ‚Immo
384 1580 758 1650 refistentem
811 1582 1115 1650 svenaffet
1165 1581 1330 1651 forte
1381 1585 1772 1666 Rubinum5

121 1677 214 1737 Ni
265 1674 501 1741 multos
553 1675 789 1755 Baldus
837 1676 1062 1764 colpos
1115 1676 1448 1765 reparaffet
1487 1677 1579 1743 cad
1624 1678 1866 1742 illum.

118 1770 423 1856 Optimus
474 1771 796 1834 Hir-canus
854 1819 875 1849 ,
930 1766 1313 1835 Moschinus
1365 1787 1429 1836 et
1470 1768 1586 1834 ille
1635 1771 1908 1834 decorus
1943 1815 1963 1846 ‚

114 1864 293 1926 Parte
343 1860 470 1926 alia
517 1883 775 1926 murum
815 1861 898 1927 de
954 1863 1176 1926 mortis
1228 1859 1466 1929 fecerat
1513 1861 1758 1927 altum.

117 1956 474 2020 Continuat
523 1961 881 2022 Centaurus
928 1957 1109 2043 aqui-s
1147 1953 1532 2044 demergere
1584 1954 1928 2044 vulgum-‚v

114 2051 245 2110 Dat
290 2046 664 2112 Philotheus
715 2070 941 2137 opem,
1000 2046 1359 2136 Malaspina
1401 2069 1633 2112 cruore
1683 2047 1765 2115 (2)
1816 2039 2211 2134 profundum

119 2145 482 2228 Deturpat,
534 2136 864 2204 Malfattus
915 2160 1111 2204 ovans
1156 2139 1516 2204 trabuccat·
1546 2142 1612 2203 in
1668 2137 1907 2203 undas,

120 2236 234 2294 Per
288 2230 484 2295 nubes
533 2234 755 2320 ingens
803 2231 1111 2298 hastarum
1164 2227 1393 2296 fraeno
1441 2230 1742 2308 bombat,
1862 2298 1866 2302 ,

118 2328 363 2410 Perque
416 2321 617 2389 finum
670 2329 853 2391 Ponti
908 2344 1148 2390 vocum
1200 2318 1418 2411 fragor
1462 2323 1627 2389 altus
1680 2318 1762 2387 (3)
1810 2317 2123 2384 eecchat.

117 2413 408 2479 Phaebus
457 2437 564 2505 per
607 2432 855 2482 tantum
909 2417 1117 2482 caruit
1149 2412 1426 2502 fulgore
1473 2413 1876 2498 macellum,

116 2510 310 2572 Fiunt
362 2513 735 2596 squarzones
784 2511 995 2574 carnis
1025 2559 1043 2586 ‚
1096 2504 1385 2595 fiuntque
1435 2509 1688 2573 cruoris

37 2626 41 2630 ·
121 2599 458 2679 Flumina,
509 2601 591 2664 de
644 2605 861 2667 mortis
913 2603 1066 2667 hinc
1118 2598 1272 2663 inde
1325 2598 1562 2665 fiuntur
1606 2596 1885 2663 acervi.-

122 2697 307 2756 More
361 2692 704 2756 bechariae
751 2694 1117 2782 pulmoneS,
1171 2689 1417 2759 -viscera
1453 2747 1470 2774 ‚
1527 2689 1610 2758 (4)
1657 2690 1945 2776 trippae,

123 2786 335 2872 Atque
388 2784 745 2850 coradellae
773 2838 791 2866 ,
852 2784 1157 2853 ventralia
1186 2835 1204 2861 ,
1238 2785 1495 2865 ‘milza‚
1550 2784 1725 2872 figati
1762 2832 1779 2859 ,
1809 2808 1814 2829 ¹

129 2878 483 2944 Arboribus
533 2881 748 2966 sponte
801 2877 883 2946 (5)
931 2891 1329 2943 attaccantur
1384 2874 1702 2965 sanguine
1748 2869 2001 2937 foedis,-

130 2975 189 3034 Ο
235 2970 456 3034 crudas
514 2970 755 3054 bottaS,
808 2995 847 3037 o
896 2971 1159 3036 vulnera
1211 2966 1416 3055 digna
1470 2964 1788 3035 Rinaldo!
1866 3003 1880 3015 »

1986 3045 2231 3104 Millibus

216 3221 234 3275 (
259 3222 319 3274 ι)
353 3222 647 3282 Metuensque
678 3224 801 3271 orbi-
835 3226 1011 3273 Clavae
1051 3224 1166 3272 ictus
1246 3222 1287 3268 bi
1323 3220 1532 3278 buseccbe.
1694 3253 1697 3257 Δ
1765 3262 1767 3265 ,

138 3283 263 3330 coeci
298 3283 437 3329 instar
457 3283 587 3330 ducit
606 3315 623 3332 .
1329 3288 1348 3343 (
1375 3299 1394 3336 5
1420 3287 1437 3338 )
1472 3287 1620 3340 sponte
1639 3313 1654 3328 .
1679 3280 1893 3329 inaudita
1917 3270 2296 3347 prorsus-hypor-

219 3347 284 3398 (2
310 3350 326 3398 )
363 3342 661 3399 Profundum.
689 3348 874 3406 Nempe
908 3348 1068 3394 Mate.
1243 3348 1363 3395 boles
1388 3362 1400 3389 ε
1454 3345 1709 3390 Pulmones
1749 3343 1875 3401 jecur
1898 3372 1913 3394 ,
1955 3335 2177 3381 mtestma
2219 3343 2299 3376 etc.

49 3444 51 3446 -
219 3408 238 3459 ί
264 3420 283 3462 3
310 3409 328 3459 )
361 3405 546 3451 Eecchae
566 3436 582 3451 .
631 3407 838 3455 Resonet
859 3440 876 3455 .
910 3410 1076 3456 italice
1108 3424 1165 3454 ee·
1242 3425 1267 3455 e
1307 3408 1573 3466 corporibus
1612 3406 1767 3451 avulsa
1789 3435 1805 3456 ,
1826 3415 1872 3449 et
1919 3413 1998 3459 per
2041 3407 2193 3442 ierem
2219 3407 2296 3438 VO·

44 3523 49 3526 4
142 3466 310 3528 cbeggia
332 3497 346 3512 .
1242 3470 1431 3519 litantia
1459 3468 1724 3524 ,arboribus
1768 3462 2110 3533 appenduntur
2129 3489 2140 3500 ·

224 3531 327 3588 (4)
360 3532 543 3592 Trippae
572 3560 587 3576 .
637 3529 757 3578 ldest
780 3529 1000 3580 Intestina
1024 3560 1041 3587 ‚
1083 3531 1166 3579 ali·
