2808 4172
1996 287 2136 357 357

643 398 1240 464 Affaltant,intrantque
1275 414 1477 465 caput,
1503 404 1801 472 roduntque
1836 407 2144 469 cerebrum.

638 471 836 524 Multas
869 486 990 523 cum
1026 469 1268 520 manibus
1293 471 1492 534 Cingar
1526 471 1807 529 brancabat
1831 513 1849 536 ,
1883 492 1939 532 et
1977 477 2093 535 illas

640 541 830 593 Secum
868 538 1000 591 ferre
1034 539 1210 600 cupit,
1243 531 1329 587 sed
1369 554 1480 589 non
1520 546 1752 595 retinere
1790 545 2027 601 valebat.

778 604 958 658 Vidisti
992 600 1164 656 forsan
1201 619 1392 667 pueros
1427 607 1748 674 quandoque
1785 628 2067 678 zugantes‚

645 673 800 729 Velle
838 678 982 739 piare
1028 687 1189 725 manu
1227 670 1422 726 stantesv
1458 678 1513 725 in
1547 681 1747 740 pariete
1784 680 2021 748 Muscas,

645 744 747 795 Sed
779 740 995 808 quando
1023 740 1269 805 pandunt
1311 742 1509 807 digitos·
1534 745 1662 805 (nisi
1700 745 1933 809 prestiter
1969 751 2081 804 illas

640 810 904 864 Scaltritas
924 809 1175 874 capiant)
1216 826 1486 864 retrovant
1523 811 1725 867 zaffaffe
1746 815 2079 871 chimeram:

637 881 724 933 Sic
757 877 943 933 Baldus
977 883 1303 944 comitesque
1342 897 1528 934 manus
1554 880 1683 937 hinc
1714 883 1839 939 inde
1877 887 2187 950 menabant‚

638 946 717 999 Ut
745 947 1038 1013 phantasias
1075 948 1662 1017 caperent,sensusque
1702 952 1937 1008 bizaros-

638 1015 724 1069 De
761 1017 947 1083 quibus
982 1016 1227 1082 implerat
1249 1020 1546 1071 Carnerum
1574 1022 1866 1088 Cingar‚et
1886 1025 2129 1091 Hippoi,²

596 1115 600 1119 >
637 1084 789 1139 Pizza
821 1084 1151 1151 Capellettus
1187 1102 1298 1138 non
1331 1085 1383 1140 se
1419 1084 1604 1149 satiare
1642 1090 1847 1146 valebat

636 1156 792 1208 More
822 1153 914 1208 suo
950 1156 978 1215 (
986 1152 1266 1208 stradiotusv
1283 1154 1435 1216 erat)
1467 1156 1687 1222 spoliare
1708 1158 2014 1222 Masonem,

637 1223 837 1288 {inplet
859 1221 1172 1279 Scharsellas
1192 1263 1210 1282 ,
1235 1221 1469 1285 saccum,
1501 1231 1846 1295 geminasque
1884 1231 2157 1286 Bilacchas

638 1293 726 1345 De
751 1292 914 1347 Paulo
944 1309 1143 1347 veneto
1163 1333 1178 1359 ,
1210 1291 1277 1345 de
1296 1291 1535 1359 Hispana
1567 1296 1715 1351 mille
1751 1299 1950 1361 baianis
1969 1337 1982 1351 .

637 1360 828 1416 Baldus
861 1360 1180 1416 Mosconem
1209 1361 1453 1422 brancat,
1483 1368 1787 1432 retinetque
1825 1367 2067 1421 Plutonis

634 1431 828 1498 Deque
861 1428 960 1485 suis
984 1431 1164 1484 Grillis
1191 1428 1378 1484 nasum
1411 1433 1649 1498 replebat
1684 1451 1739 1488 et
1769 1453 1966 1490 aures.·
2203 1465 2208 1469 ·

100 1500 542 1577 Mac.25.p.259.v
564 1517 640 1568 ις.
779 1502 897 1555 Hac
930 1503 1088 1565 igitur
1117 1498 1306 1554 Baldus
1338 1499 1533 1555 ferrum
1571 1503 1853 1557 sfodrando
1873 1506 2193 1558 Chimeram-

634 1570 871 1625 Percutit
909 1573 1074 1636 inque
1111 1569 1241 1622 duos
1274 1573 1470 1634 pariter
1506 1572 1657 1626 videt·
1693 1570 1794 1627 effe
1834 1590 2120 1633 mezenos,

633 1645 858 1705 Integra
889 1635 978 1692 sed
1007 1641 1202 1703 pariter
1231 1653 1437 1699 tornat,
1475 1657 1590 1695 nec·
1618 1641 1854 1696 vulneris
1887 1643 2055 1695 ullum

630 1707 960 1762 Monstrabat
982 1708 1187 1773 iignum
1210 1744 1228 1766 ,
1258 1706 1490 1773 fixasque
1520 1711 1768 1764 movebat
1800 1710 2047 1765 ochiadas
2066 1749 2081 1770 ‚

632 1779 771 1832 Inde
805 1782 952 1837 cito,
985 1793 1094 1831 nec
1126 1775 1319 1842 sponte
1351 1778 1569 1843 quidem
1606 1795 1952 1834 removentur
1980 1781 2044 1832 ab
2075 1795 2183 1833 una

631 1844 979 1905 Phantasma,
1007 1861 1386 1911 retrovantque
1426 1847 1588 1912 pedes
1621 1845 1799 1902 mifiss‘e
1839 1851 2082 1902 Teren0.

630 1917 866 1982 Qpisque
897 1913 998 1966 suis
1028 1914 1232 1979 gambis
1259 1920 1486 1978 propriis
1518 1931 1578 1967 ut
1619 1916 1775 1969 vadat
1812 1932 2027 1982 oportet
2049 1953 2065 1974 ,

576 1991 579 1994 '
627 1986 757 2037 Non
790 1979 1203 2049 plus-aspiciunt
1239 1998 1388 2035 curas
1428 1981 1760 2048 nihilamque
1785 1985 2142 2043 chimeram,-

629 2053 751 2105 Nec
790 2069 945 2115 mage
985 2050 1226 2113 parlandi
1258 2049 1471 2103 liber-tas
1511 2051 1717 2104 tollitur
1754 2053 1888 2116 illis,

627 2120 750 2173 Nec
783 2117 1057 2184 quisquam
1094 2131 1357 2171 memorat
1393 2118 1649 2184 quidnam
1687 2116 1887 2172 vidisset
1922 2116 2164 2173 messum..

628 2186 939 2243 Phantafiae
968 2187 1169 2241 abeunt
1198 2203 1326 2252 quas
1358 2188 1414 2238 in
1444 2189 1699 2241 Cameria
1738 2203 1917 2253 nuper

626 2258 904 2311 Ficcarant
937 2257 1271 2322 redeuntque
1303 2254 1426 2309 loco
1456 2260 1598 2322 prius
1638 2255 1783 2309 unde
1817 2255 2078 2322 recedunt
2100 2293 2120 2307 ,

626 2329 763 2380 Sunt
796 2343 979 2382 tamen
1019 2325 1074 2378 hi
1108 2325 1269 2379 medii
1302 2328 1488 2389 pazzi,
1517 2325 1783 2390 mediique
1821 2323 2050 2378 balordi.

764 2398 847 2449 En
885 2394 1042 2461 super
1074 2400 1279 2447 interea
1319 2410 1530 2460 pratum
1563 2391 1756 2449 venisse
1796 2394 2075 2449 videntur-s

629 2465 711 2516 Ex
746 2461 1383 2531 Arborsellis',florumque
1419 2468 1594 2517 nitore
1626 2462 1876 2529 plenum.

629 2534 871 2587 Candida
903 2534 1206 2600 fragrabant
1236 2533 1318 2585 ibi-
1337 2531 1498 2592 Lilia,
1528 2532 1677 2599 septa
1708 2527 1953 2585 rosarum*

627 2603 897 2668 (fingebat
919 2606 1186 2669 Campum
1211 2637 1234 2660 ‚—
1261 2603 1436 2656 varios
1463 2607 1554 2668 qui
1594 2599 1779 2655 miscet
1811 2600 2038 2653 odores:-

630 2673 958 2726 Innumerae
989 2674 1251 2726 Dammae
1287 2672 1594 2724 danzabant
1625 2671 1865 2736 undique
1905 2666 2099 2722 dulces

627 2738 782 2793 Dant
817 2741 1149 2799 cantilenas,
1182 2737 1475 2806 plenasque
1512 2740 1783 2805 Cupidine
1811 2753 2001 2792 voces·

623 2809 777 2861 I'nter
805 2827 893 2863 eas
927 2809 1152 2875 reliquis
1175 2807 1441 2873 formofior
1479 2825 1587 2862 una
1627 2807 1853 2862 canebat
1874 2818 1913 2865 ,ί

622 2874 845 2929 Gestans
870 2877 1159 2932 auriferam
1185 2875 1407 2930 sublimi·
1437 2877 1617 2945 fronte
1642 2878 1912 2929 Coronam
1928 2909 1961 2930 ‚-

623 2946 878 3010 Tantumv
896 2946 1063 3000 suavis
1094 2962 1207 3001 erat
1243 2943 1398 3006 visus,
1429 2961 1749 3012 tantumque
1788 2939 2026 3008 petulcis
2163 3002 2170 3009 ³

620 3014 825 3069 Blanda
845 3015 1011 3070 oculis
1044 3030 1316 3081 quantum*
1335 3013 1435 3068 fuit
1457 3031 1695 3080 unquam
1729 3002 2238 3065 foemina-mundo?

626 3086 794 3138 Nunc
827 3083 1087 3138 humilem
1121 3101 1292 3139 terrae
1327 3080 1564 3136 frontem
1596 3074 2154 3153 pudibundatenebat
2173 3107 2204 3130 »-

626 3154 794 3207 Nunc
824 3152 993 3208 laetos
1022 3151 1362 3218 madidosque
1399 3151 1545 3204 simul
1582 3149 1850 3204 relevabat
1884 3143 2133 3200 ocellos„-

624 3224 788 3277 Nunc
822 3223 1128 3276 effundebat
1158 3221 1378 3287 graciles
1409 3217 1607 3274 lasciva.
1626 3217 1958 3273 cachinnos,

623 3294 791 3346 Nunc
820 3290 1107 3345 inflamatis
1143 3294 1362 3345 animos
1385 3287 1682 3342 stimulabat
1716 3282 1996 3340 ochiadis..

626 3363 798 3415 Obvia
829 3363 1072 3416 currebat
1104 3362 1350 3413 venienti
1389 3357 1588 3411 fervida
1625 3354 1821 3413 Baldo,

628 3435 799 3495 Seque
833 3430 1164 3498 galantinam
1209 3423 1711 3492 totampraesentat
1746 3425 1810 3477 ad
1837 3418 2183 3537 jllumsfflex,
