2808 4172
667 245 824 321 ‘1⁷66
1132 235 1930 329 MACARONEA
1992 228 2148 312 XX.
2245 277 2250 281 ·

565 405 755 463 Hanc
804 399 947 462 cito
977 393 1256 460 Gallono
1306 411 1556 474 tace-at,
1617 414 1738 470 non
1793 389 1988 454 altera
2038 405 2247 458 curat

564 496 808 570 Arma,
863 490 965 555 sed
1021 491 1303 563 incusat
1300 496 1720 574 compagnos
1769 480 1885 545 effe
1937 416 2320 611 fachinosffq.

562 591 777 646 Immo
832 579 1211 662 insensatos,
1266 584 1616 644 caricantes
1658 596 1912 664 corpora
1963 572 2173 639 f.erro
2313 586 2320 591 ”

558 673 798 737 Baldus
848 674 916 737 id
966 676 1279 763 aspiciens
1329 673 1549 736 dlxit:
1537 670 1895 747 Boccale,
1943 667 2110 754 quod
2162 667 2345 732 armis

561 770 711 828 Non
760 782 818 829 te
869 769 1162 830 securas?
1216 788 1292 830 en
1347 767 1543 827 cernis
1591 777 1819 850 quanta
1875 763 2247 848 supersunt..
2667 821 2681 848 μὶ

559 861 712 920 Non
761 879 899 937 me,
955 858 1326 946 respondet,
1382 852 1615 918 ferrum
1670 859 1912 916 Natura
1965 856 2239 917 creavit.
2446 875 2453 883 ·
2638 887 2703 926 η-

559 955 710 1013 Sum
765 950 1125 1027 caro,dico
1169 948 1331 1026 tibi,
1389 945 1467 1010 fic
1521 944 1598 1009 fic
1650 947 1732 1008 de
1787 967 1971 1008 carne
2023 945 2330 1010 manebo.
2575 994 2577 996 -
2622 978 2691 1029 77

562 1041 842 1103 Rursum
895 1039 1132 1103 Baldus
1181 1043 1310 1117 ait,
1364 1041 1754 1124 squarcinam
1811 1037 1978 1124 quod
2032 1041 2197 1124 geris
2249 1058 2313 1099 er
2335 1036 2472 1123 go?

556 1133 644 1192 At
702 1130 1018 1195 Boccalus
1069 1130 1178 1204 (1),
1233 1151 1373 1216 ego
1407 1127 1555 1192 senfi
1605 1129 1775 1215 quod
1828 1131 1941 1191 sub
1997 1130 2410 1217 Phlegetonte

559 1222 900 1310 Anguillas
951 1220 1313 1303 comedunt
1362 1225 1594 1308 grassas
1641 1224 1760 1283 tria
1815 1220 2075 1284 brachia
2125 1221 2379 1307 longas,

563 1318 629 1378 Si
684 1315 865 1378 nobis
908 1315 1134 1402 epulae
1181 1313 1578 1380 mancabunt
1609 1365 1627 1393 ‚
1671 1311 2002 1401 quomodo
2054 1313 2248 1375 credo
2284 1364 2302 1393 ,

549 1405 724 1489 Quid
773 1402 950 1471 restat
998 1410 1062 1471 ni
1128 1427 1275 1470 cum
1328 1404 1658 1493 squarcina
1708 1404 1927 1472 tollere
1974 1403 2255 1493 pellem?

550 1503 648 1560 Ac
705 1498 795 1560 ibi
851 1501 992 1563 sunt
1042 1500 1168 1563 olei
1222 1497 1504 1568 caldaria
1551 1499 1741 1588 plena
1790 1500 2077 1578 bojenti‚

548 1588 647 1654 Est
697 1588 919 1668 focus,
974 1608 1042 1655 ut
1094 1592 1352 1668 dicunt,
1412 1591 1749 1678 Anguillas
1797 1586 2024 1654 frizere
2079 1583 2362 1679 poffunt.

495 1763 498 1765 q
736 1690 929 1746 Hunc
975 1682 1055 1746 oh
1113 1688 1457 1748 sermonem
1511 1683 1775 1749 Boccali
1825 1686 2087 1772 quisque
2134 1679 2541 1757 cachinnat,

555 1774 641 1834 At
690 1773 1015 1861 postquam
1066 1777 1263 1839 rutilo
1315 1794 1614 1841 texerunt
1664 1799 1931 1866 corpora
1979 1774 2186 1854 ferm,

551 1867 834 1951 Quisque
885 1869 966 1931 (2)
1016 1871 1147 1954 piat
1199 1874 1657 1947 Scutu1n‚seu
1711 1876 2032 1956 Targam,
2088 1866 2206 1930 srve
2265 1826 2660 1941 Rodellarn,

553 1956 807 2022 Constat
858 1959 1249 2023 abundanter
1298 1959 1411 2024 teli
1466 1983 1664 2047 genus
1714 1983 1904 2024 omne
1956 1958 2183 2024 fuisse.
2500 2002 2534 2022 χ

736 2058 808 2113 In
867 2050 1155 2115 medium
1209 2051 1389 2116 Saiae
1444 2053 1678 2118 Baldus
1728 2053 1977 2116 saltavit
2022 2056 2097 2114 in
2142 2050 2367 2128 armis,

553 2146 758 2227 Seque
809 2165 1067 2229 provare
1123 2158 1298 2230 parat
1346 2145 1708 2214 scrimando
1761 2159 1980 2207 contra
2035 2140 2317 2205 sodales.

552 2233 797 2320 Cingar
848 2233 930 2300 (3)
986 2239 1047 2297 in
1104 2231 1348 2297 instanti
1403 2251 1522 2299 trat
1570 2236 1649 2300 de
1703 2235 1956 2325 galone
1990 2231 2396 2322 spagnolam‚

551 2331 629 2389 Se
679 2347 942 2412 quoque
995 2327 1105 2389 sub
1160 2342 1340 2414 targa
1392 2343 1557 2393 totus
1609 2342 1897 2394 curvatus
1946 2325 2211 2407 abaffat,

550 2417 795 2497 Qod,
855 2418 1280 2497 Menchione‚
1334 2418 1605 2484 bravas?
1658 2421 1949 2499 dicebat,
2005 2441 2171 2483 nunc
2224 2416 2345 2489 tibi
2401 2415 2643 2500 Cingar

547 2509 722 2589 Quid
778 2508 944 2571 valet
995 2507 1320 2589 ostendet,
1377 2509 1458 2574 sta
1512 2511 1731 2576 saldus
1750 2534 1963 2599 ,para
2010 2501 2352 2587 stocatam‚

548 2608 626 2664 Et
676 2595 753 2662 fic
806 2600 1083 2664 dicendo
1132 2618 1250 2664 tres
1300 2601 1519 2690 colpos
1572 2600 1724 2667 fecit
1774 2606 1840 2664 in
1886 2623 2129 2665 unum.

552 2691 788 2758 Baldus
835 2693 1129 2770 ridebat,
1164 2694 1424 2782 semper
1470 2694 1834 2761 scrimando
1889 2691 2187 2782 tepefiat,

551 2786 747 2847 Mirat
797 2799 857 2845 et
908 2800 1171 2849 attentus
1223 2787 1393 2873 quod
1449 2789 1687 2874 Cingar
1740 2789 2021 2875 porrigat
2071 2807 2268 2848 unum

552 2878 715 2940 Ante
764 2875 1033 2963 pedem,
1071 2899 1215 2943 nam
1271 2873 1351 2942 fic
1403 2875 1646 2945 faciens
1697 2882 1968 2944 sotosora
2018 2894 2329 2943 tomaret.

2475 2968 2635 3026 Tunc

612 3215 713 3271 (ι)
773 3220 824 3262 at
856 3222 991 3264 Bocca
993 3219 1056 3263 Ias
1106 3231 1182 3266 etc.
1236 3217 1363 3268 Stare
1404 3221 1586 3269 Boccali
1664 3218 1810 3279 jocose
1843 3217 2092 3279 pugnantis
2127 3219 2369 3269 animum,
2409 3230 2462 3262 ac
2495 3213 2705 3263 eelerita·
2766 3244 2771 3251 ·
2806 3274 2807 3286 ἵ

552 3279 772 3349 responsio
807 3280 912 3325 satis
947 3281 1133 3340 quidem
1168 3297 1366 3342 arguta,
1401 3279 1447 3328 e‘t
1480 3285 1596 3329 face·
1666 3297 1756 3327 tem
1794 3283 1968 3338 optime
2001 3280 2230 3327 describit
2247 3276 2325 3325 hic
2366 3275 2507 3323 Poeta
2547 3275 2611 3322 εὖ
2632 3275 2692 3322 ad

551 3350 594 3382 ta
635 3370 650 3391 ,
693 3340 833 3384 animi
898 3343 961 3387 sui
1012 3344 1151 3389 nimis
1217 3343 1349 3401 Jocofi
1390 3343 1588 3390 hilarita·
1667 3343 1917 3387 irrisionem
1943 3343 2138 3394 inducit,
2160 3342 2269 3387 dum
2294 3340 2433 3386 etiam
2458 3336 2688 3387 eximium

550 3410 679 3452 tem,
719 3414 764 3445 et
816 3402 1142 3450 scurrilitatem
1177 3406 1414 3450 ostendit.
1669 3402 1801 3447 Baldi
1850 3405 1980 3449 robur
2022 3405 2076 3448 ab
2115 3404 2384 3450 Sociorum
2407 3400 2598 3450 aruris,
2651 3409 2700 3444 et

608 3462 713 3515 (ι)
754 3465 832 3505 Pia
836 3474 853 3504 t
880 3495 891 3505 .
932 3467 1174 3518 Assumit,
1197 3467 1401 3523 accipit.
1665 3465 1824 3510 ictibus
1860 3466 1900 3512 se
1934 3463 2227 3519 defendentis
2259 3462 2454 3511 mirifice
2486 3456 2700 3522 ostendit.
2754 3485 2757 3489 ·
2804 3476 2805 3489 ¹

606 3523 622 3571 (
650 3525 711 3577 3)
745 3527 904 3580 cingar
939 3537 1020 3571 etc.
1053 3527 1271 3585 Cingaris
1316 3541 1421 3572 cum
1449 3525 1590 3573 Baldo
2528 3563 2531 3566 .
