2808 4172
0 431 3 449 ⁷
12 248 35 369 ..Ἴ-ψ

0 771 40 922 “Q-*223-
16 684 51 749 ‘43'

0 989 2 1052 cm„
0 906 24 967 isa

26 1023 44 1065 ,Γῆ
27 913 37 956 ,ω

859 167 1658 258 MERLINL
2093 187 2217 265 175

200 322 539 415 Delphinis
579 337 832 413 tergum
863 373 880 402 ,
933 344 1124 411 quem
1169 320 1366 387 barba
1414 343 1645 389 canuta
1712 318 2014 399 decorat,

194 427 396 504 Quem
448 438 698 503 quoque
750 413 1097 505 Delphines
1160 414 1561 503 seguitabant
1607 419 1890 503 quinque
1939 426 2220 481 natantes
2252 467 2271 499 ‚

194 506 635 597 Portantesque
682 512 795 574 suo
844 507 1041 574 bellas
1087 509 1156 572 in
1204 522 1456 597 tergore
1508 506 1875 597 Nimphas'.

196 604 341 690 Ipse
378 602 604 693 ‘procul
647 622 911 667 cernens
958 600 1176 666 lumen
1211 651 1231 681 ,
1278 609 1659 691 turbamque
1710 597 2036 688 stupebat:

185 699 376 777 Quae
426 717 588 762 nova
626 717 724 760 res
774 691 883 758 ista
925 690 1059 758 est?
1109 692 1407 760 dicebant
1456 699 1632 784 saepe
1686 690 2009 758 vicisima.-

194 793 360 852 Mox
411 797 628 855 contra
666 785 947 855 Baldum
998 786 1263 852 bravosa
1316 811 1471 855 voce
1522 787 1867 878 gridabat,

183 884 335 960 Qo
372 897 444 944 .te
486 877 670 947 stulte
712 877 956 970 pedes?
1003 882 1119 969 qui
1163 899 1270 946 vos
1320 905 1424 971 per
1466 882 1686 947 littora
1737 878 1940 945 nostra·

184 976 417 1036 Trenta
461 996 609 1062 para
655 971 927 1061 guidat,
974 970 1170 1064 presto
1225 971 1523 1065 refleetite
1577 976 1884 1062 gambaS.

182 1066 553 1153 Respondet
596 1065 841 1131 Baldus
874 1118 895 1149 ,
947 1067 1133 1133 coelo
1182 1072 1514 1135 cascamus
1559 1069 1642 1134 ab
1693 1067 1868 1148 alto,

186 1164 361 1222 Imus
398 1157 486 1222 ‚ad
534 1155 898 1242 Infernum,
948 1160 1137 1225 nobis
1182 1159 1434 1227 ostende
1486 1163 1749 1226 viazum
1792 1211 1810 1226 .

174 1253 310 1316 Cui
360 1252 572 1316 :senior
612 1251 797 1318 dixit
823 1305 843 1333 ,
884 1249 1107 1318 *facilis
1146 1250 1490 1318 descensus
1538 1257 1849 1330 Averni3·
1887 1282 1912 1284 ’“

186 1348 489 1407 Attamen
537 1341 836 1409 audaciter
886 1342 1044 1411 facis
1090 1341 1227 1410 istas
1276 1349 1367 1412 'ire
1411 1369 1517 1435 per
1567 1347 1877 1428 UmbraS,
1972 1375 1974 1378 ·

190 1443 273 1503 Et
321 1430 432 1499 nifi
482 1455 631 1500 cum
684 1437 868 1502 sociis
910 1438 1052 1503 aliis
1098 1454 1347 1503 tornare
1387 1436 1702 1518 ‘fretabi8‚

181 1531 314 1590 Dat
360 1523 566 1609 mens,
594 1528 768 1616 quod
815 1531 1093 1619 grandis·
1126 1535 1337 1597 veniet
1383 1531 1698 1620 desgratia
1750 1528 1967 1594 vobis,

180 1617 473 1683 Dedecet
512 1619 834 1686 humanos
872 1622 1224 1711 -acontradas
1266 1627 1362 1686 {ire
1405 1646 1534 1710 per>
1566 1622 1714 1687 istas
1743 1673 1762 1700 ‚

172 1716 350 1796 ‚Ergo
391 1713 764 1790 retornetis,
811 1711 1171 1800 <vestrasque
1215 1712 1513 1780 reducite
1550 1712 1832 1800 plantas·

178 1804 530 1892 Impatiens
578 1801 892 1867 Fracaffus
938 1807 1068 1884 ait,
1120 1804 1439 1893 numquid
1492 1812 1663 1869 Deus
1711 1826 1777 1867 es
1820 1802 1944 1866 tu?

180 1896 318 1958 Aut
367 1895 479 1958 Dii
532 1889 794 1959 fortaffis
844 1898 1100 1961 Tomba
1143 1900 1472 1961 versantur
1510 1900 1582 1960 in
1634 1893 1817 1985 ista?—

182 1989 321 2052 Cui
365 1985 719 2051 Vecchius:
750 1994 893 2052 Dea
936 1987 1148 2054 nostra
1186 1989 1362 2053 mihi
1404 1987 1595 2053 ‘dedit
1641 1984 1812 2052 istius
1855 1986 2061 2050 amnis

179 2078 541 2142 Arbitrium
561 2082 836 2167 ,septem
864 2083 981 2168 qui
1020 2080 1292 2148 mandat
1346 2083 1418 2143 in
1467 2102 1747 2167 aequora
1801 2076 2063 2141 flumos.

177 2168 368 2233 Nilus
415 2171 496 2238 (1)
548 2169 744 2236 habet
778 2193 1057 2251 nomen,
1100 2194 1229 2236 non
1271 2193 1565 2258 :unquam
1609 2172 1917 2258 cognitus
1972 2165 2117 2234 orbi

168 2269 324 2346 ‹Quo
370 2261 448 2326 de
499 2260 667 2340 fonte
696 2264 941 2343 cadat,
977 2261 1093 2327 sed
1141 2286 1249 2328 vos
1294 2263 1496 2327 modo
1538 2277 1757 2326 ,mente
1808 2256 2086 2335 ribaldi,

183 2352 627 2443 Sacrileg'ique
669 2358 862 2420 suum
901 2352 1259 2420 :retrovastis
1302 2356 1597 2442 nequiter
1647 2369 1870 2419 ortum
1900 2403 1922 2431 .,

181 2452 264 2510 Et
311 2444 471 2534 pede
532 2448 916 2511 macchiato
964 2444 1226 2511 calcatis
1265 2445 1485 2511 'littora
1543 2442 1790 2508 saneta.
1930 2451 1938 2459 '

176 2531 302 2604 ,Ista
349 2537 733 2625 puellarum,
790 2547 1230 2628 Juvenumque
1279 2554 1533 2602 caterva
1573 2534 1885 2601 ministrat
2191 2626 2279 2678 Ad

233 2764 350 2820 ’(1)
387 2766 517 2810 Nilus
550 2766 672 2812 babet
719 2781 892 2813 nomen.
939 2766 1048 2814 Nili
1091 2768 1233 2828 -origo
1299 2783 1388 2827 que
1438 2766 1640 2826 erumpit
1706 2766 1805 2812 alio
1856 2767 1956 2811 loco
2008 2764 2057 2810 in
2122 2760 2347 2808 Maurita-

174 2825 303 2884 apud
334 2839 526 2873 -veteres
578 2827 739 2887 ignota
780 2859 794 2881 ,
830 2829 970 2886 nobis
1006 2829 1231 2875 notissima
1302 2829 1378 2873 nia
1422 2828 1701 2876 Coesarienfi
1741 2858 1756 2881 ,
1791 2828 2052 2885 iterumque
2103 2823 2249 2870 arenis
2283 2837 2348 2867 re·

183 2901 312 2931 nunc
342 2886 405 2933 est
437 2916 452 2933 .
499 2889 872 2935 Fundamentum
911 2903 1062 2935 tamen
1099 2888 1232 2935 habet
1299 2901 1457 2946 ceptus
1492 2889 1580 2946 'per
1611 2888 1786 2934 deserta
1823 2887 1877 2931 ad
1922 2887 2099 2936 vicinos
2135 2882 2347 2941 Aethyo-

190 2947 402 2994 Austoris
434 2950 572 2995 nostri
607 2950 759 2997 fabula
786 2981 799 3002 ,
834 2966 923 3007 qua
956 2950 1094 3010 fingit
1139 2952 1235 2995 He·
1303 2963 1380 3008 pas
1414 2949 1557 2994 fertur
1586 2950 1731 3007 spatio
1759 2947 1934 3008 viginti
1969 2947 2245 3001 dierum2et
2270 2943 2347 2987 de·

183 3021 308 3054 reoas
359 3009 457 3054 suos
517 3011 595 3057 sub
661 3025 777 3059 terra
831 3011 933 3057 Nili
1005 3011 1233 3068 originem
1304 3025 1394 3055 nuo
1425 3009 1603 3067 profilit
1635 3009 1765 3054 fonte
1798 3039 1813 3060 ,
1845 3008 1925 3067 qui
1957 3007 2131 3053 dicitur
2151 3011 2305 3073 NJngs
2334 3022 2344 3047 :

179 3069 391 3128 reperisse
429 3071 479 3116 in
530 3071 717 3120 historia
777 3072 937 3119 Veteri
979 3103 990 3114 .
1065 3072 1223 3119 Nasci·
1291 3070 1403 3117 Inde
1425 3069 1693 3116 Africamin
1719 3068 1978 3130 Ethyopiae
2002 3067 2343 3136 disterminans,

185 3143 260 3176 tut
311 3143 467 3177 autem
520 3132 568 3177 in
604 3132 884 3179 Mauritania
917 3131 1156 3187 inferiori,
1198 3149 1224 3179 e
1288 3146 1332 3177 et
1376 3133 1639 3191 Aegyptum
1674 3130 1868 3189 irrigans
1903 3131 2051 3187 plures
2087 3125 2256 3195 insulas
2278 3126 2346 3170 ef-

186 3204 345 3236 monte
378 3192 583 3238 defluens
617 3193 737 3241 inter
770 3193 961 3247 herbas,
996 3207 1040 3240 et
1076 3208 1223 3252 petras
1294 3195 1457 3238 format
1482 3223 1497 3243 ,
1518 3203 1563 3237 et
1597 3191 1785 3236 tandem
1819 3192 1987 3249 septem
2022 3187 2148 3233 ostiis
2175 3202 2223 3230 in
2250 3201 2345 3255 man

184 3251 387 3312 pluribus
439 3253 601 3310 rivulis
656 3254 833 3314 serpens
877 3287 892 3308 ‚
943 3254 1089 3302 donec
1141 3255 1220 3301 ssa·
1297 3271 1342 3301 re
1375 3254 1553 3299 fertur.
1584 3252 1685 3297 Nili
1724 3252 1972 3311 proprietas
2018 3280 2033 3303 ,
2073 3246 2300 3316 crescendi
2326 3279 2340 3298 ,

190 3326 385 3370 guantes
416 3328 560 3371 aquae
592 3315 740 3361 lacum
784 3318 1023 3363 efforment
1047 3332 1220 3375 ‚quem
1288 3329 1333 3360 et
1366 3312 1652 3359 decrescendi
1694 3343 1710 3365 ‚
1744 3326 1789 3358 et
1842 3312 2006 3358 miram
2047 3309 2342 3365 fertilitatem

186 3385 351 3419 vocant
401 3375 625 3420 Nilidem:
680 3375 847 3423 deinde
898 3378 1214 3424 subterraneus
1248 3375 1252 3378 ’
1288 3373 1506 3422 afferendi
1561 3373 1682 3432 agris
1706 3404 1720 3426 ,
1755 3388 1868 3432 quos
1904 3371 2111 3420 crescens
2145 3369 2307 3429 irrigat
2331 3399 2346 3421 ,

185 3448 368 3482 currens
399 3434 566 3485 itinere
597 3435 775 3496 aliquot
796 3437 992 3495 dierum,
1015 3439 1215 3486 rursum·
1280 3438 1377 3496 jam
1414 3449 1520 3483 nota
1557 3435 1662 3482 satis
1703 3434 1766 3483 est
1790 3466 1801 3478 .
