2808 4172
677 216 1537 321 ''MERLINL
1655 223 1665 283 5
2062 232 2166 330 ξς

125 398 206 458 Et
253 382 361 476 qui
406 382 707 451 dicuntur
737 388 1028 476 signores
1076 383 1192 453 effe
1243 387 1717 479 bachettae(1),

117 482 265 548 Plus
313 478 692 569 quandoque
730 481 898 545 valet
948 484 1127 571 pueri
1182 474 1353 546 frons
1402 482 1565 549 bella
1614 477 1863 570 petulci
1898 501 1928 564 ,⁴

111 581 318 656 Quam
371 595 495 638 non
540 572 946 663 grandiloqui
988 575 1288 639 sententia
1332 597 1566 665 magna
1625 578 1917 639 Catonis:
1965 590 1972 593 ’

110 664 263 730 Plus
311 665 536 732 oculus
571 663 836 731 blandus
864 717 882 746 ‚
926 665 1026 730 vel
1068 661 1265 732 sermo
1305 667 1593 734 libidinis
1637 666 1891 747 ardenS,

109 764 320 844 Quam
372 761 554 848 vigor
608 759 849 847 eloquii
882 759 1279 842 'Ciceroni8,
1315 778 1376 827 et
1417 783 1526 827 ora
1563 766 1861 827 Senatus,

109 842 118 847 ⁵
304 854 646 941 Insurgunt
698 849 902 917 scalae
950 855 1175 941 passim
1215 853 1546 920 ‘diamante
1595 852 1837 919 locatae
1856 883 1883 935 ‚-

111 949 258 1008 Pars
301 965 559 1033 quoque
609 941 850 1009 corallo
892 996 911 1025 ,
957 967 1094 1034 pars
1159 967 1509 1028 marmore,
1552 948 1814 1037 parsque
1863 941 2158 1032 dyaspro}
2242 945 2252 954 ’

8 1090 11 1092 ,
112 1034 459 1119 Qaelibet
503 1039 768 1127 ipsarum
807 1037 1013 1104 tendit
1060 1056 1334 1106 nonanta
1383 1039 1650 1109 scalinos
1681 1090 1702 1122 ‚

115 1134 234 1193 Per
285 1150 438 1216 quas
487 1128 723 1221 semper
763 1148 913 1197 eunt
958 1183 976 1212 ‚
1006 1132 1270 1200 redeunt
1317 1156 1570 1225 quoque
1597 1132 1887 1201 Numina
1935 1128 2260 1222 quaeque}

111 1226 384 1286 Menant
433 1225 500 1287 in
550 1247 830 1290 cameras
880 1239 1192 1308 centum‚‘
1227 1225 1562 1316 pluresque
1611 1223 1908 1309 salottos,

114 1320 404 1398 Quorum
451 1313 631 1381 solari
683 1341 808 1382 non
857 1315 998 1383 sunt
1046 1318 1395 1407 lignamine
1445 1316 1638 1402 faffl,

120 1406 241 1471 Sed
294 1405 620 1472 Vulcanus
668 1431 771 1474 eos
813 1409 892 1474 de
940 1433 1099 1501 puro
1154 1409 1393 1479 fecerat
1438 1436 1588 1481 auro
1617 1462 1633 1477 .
1719 1442 1723 1446 ·

115 1506 271 1564 Huc
325 1497 484 1564 illuc
534 1519 759 1566 ornant
809 1507 1115 1568 camareri
1160 1503 1311 1571 flore
1360 1506 1655 1596 grabatos
1692 1555 1720 1586 ,1

117 1597 318 1680 Supra
367 1614 523 1679 quos
567 1594 836 1660 tendunt
883 1594 1196 1679 lenzoles,
1244 1613 1433 1687 atque
1482 1613 1806 1688 copertaS,

110 1687 283 1765 Qas
331 1687 495 1748 mira
517 1686 854 1774 Nymphae
894 1706 1294 1754 recamarunt
1344 1688 1621 1754 Palladis
1669 1701 1837 1752 arte.

297 1778 440 1864 Ipsa
492 1776 753 1863 quidem
808 1779 1008 1845 Pallas
1058 1785 1224 1862 Iovis
1274 1779 1359 1847 est
1407 1780 1645 1848 nassuta
1695 1779 1953 1844 cerebro
1979 1829 2026 1857 2»

112 1869 238 1949 Qi
290 1862 417 1930 fine
464 1870 819 1938 concubitu
883 1871 1170 1939 mulieris
1218 1888 1311 1939 ter
1355 1871 1468 1938 fibi
1517 1868 1800 1938 sancium

114 1959 487 2025 Cervellurn
539 1959 716 2027 cuffit
765 1965 983 2052 virga,
1033 1969 1348 2056 virgoque
1398 1967 1697 2031 Minerva.

115 2053 327 2131 Exiit,
385 2067 447 2115 et
489 2057 712 2142 magni
761 2053 934 2120 dieta
989 2055 1074 2123 est
1129 2061 1434 2148 sapientia
1478 2061 1712 2147 patris,

2 2155 10 2172 ⁷
117 2146 399 2207 Noscere
443 2141 482 2205 fi
536 2148 769 2234 cupitis
798 2198 816 2226 ‚
868 2169 1058 2236 quare
1106 2152 1410 2238 sapientia
1460 2148 1632 2213 dieta
1681 2145 1812 2226 est,

118 2233 237 2298 Nil
282 2234 626 2318 dubitetis,
684 2241 856 2304 enim
902 2237 1173 2307 solvetur
1213 2236 1491 2328 quaestio
1540 2238 1694 2305 talis
1722 2285 1738 2301 .

298 2326 503 2391 Pallas
552 2326 654 2397 (ι)
704 2327 1040 2396 honestatis
1092 2331 1419 2421 speculum
1466 2331 1547 2399 de
1596 2331 1828 2396 vertice
1886 2324 2153 2393 maschii

116 2419 419 2482 Nascitur
447 2469 466 2499 ,
516 2435 586 2483 ut
632 2437 842 2507 pateat
888 2422 1061 2510 quod
1113 2427 1253 2488 sunt
1297 2422 1582 2510 reliquae
1635 2419 1938 2486 mulieres

116 2515 458 2573 Dementes
486 2513 675 2586 ‚sano
722 2534 868 2576 nam
917 2526 1134 2578 carent
1181 2515 1365 2603 soepe
1411 2512 1708 2594 cerebrm

125 2606 207 2664 Et
255 2596 376 2662 fine
424 2597 685 2664 confilio
732 2605 1045 2693 quicquid
1096 2603 1349 2670 facietis
1401 2626 1659 2685 earum,

119 2690 380 2756 Credite
430 2689 636 2757 Pallas
682 2697 829 2774 erit,
878 2699 1046 2773 Jovis
1095 2712 1158 2761 et
1205 2699 1511 2787 sapientia
1560 2700 1748 2788 patris
1784 2743 1803 2761 .

123 2788 363 2847 Verum
410 2779 451 2844 fi
501 2805 622 2870 qua
659 2786 783 2847 tuis
831 2786 896 2848 in
941 2787 1126 2851 rebus
1173 2784 1460 2852 foemina
1509 2785 1772 2876 praestat

123 2876 492 2955 Consejum‚
544 2894 809 2938 caveas:
853 2871 1022 2941 afino
1071 2873 1435 2943 fimilaberis
1487 2879 1626 2960 illi,

0 2967 18 3050 j
118 2969 247 3049 Qi
296 2964 430 3029 vult
479 2988 588 3055 pro
636 2962 825 3032 frusto
890 2967 1130 3033 bastum
1178 2966 1412 3059 gestare
1466 2967 1828 3047 novellum,

126 3067 429 3147 Ignorans
477 3057 774 3147 quoniam
824 3075 1075 3150 tergum
1119 3085 1283 3128 nova
1332 3059 1480 3128 sella
1527 3072 1903 3149 magagnat‘,
2144 3112 2208 3207 E*
2253 3114 2256 3115 γ

1206 3154 1254 3209 E
2193 3167 2215 3204 t

210 3271 268 3330 (qr
288 3273 306 3325 )
339 3273 525 3331 signares
544 3280 626 3320 ete.
652 3271 879 3324 primates
900 3306 912 3321 .
931 3274 1031 3323 Nos
1055 3274 1176 3322 Lon·
1247 3273 1429 3323 videtur
1449 3274 1618 3323 Poetae
1641 3270 1864 3321 sententia
1881 3302 1892 3313 .
1952 3267 2161 3316 Intendit
2201 3283 2281 3315 au-

127 3331 314 3392 gobardi
353 3335 552 3381 dicimus
591 3340 830 3383 remandare
866 3354 893 3382 a
930 3336 1175 3390 bacchata,
1246 3348 1338 3384 tem
1361 3337 1616 3398 significare
1644 3334 1927 3389 ,Mulierum
1951 3330 2135 3400 laudern
2160 3330 2203 3374 in
2226 3345 2305 3381 eo,

128 3393 220 3452 effer
237 3396 401 3452 signore
418 3411 446 3438 a
464 3384 874 3456 bacchette,quando
892 3399 1106 3445 volumus
1125 3397 1178 3442 fi·
1244 3399 1372 3445 fitam
1413 3399 1499 3444 effe
1520 3428 1535 3452 ,
1558 3409 1608 3442 ut
1649 3394 1853 3441 hominis
1894 3391 2160 3452 prudentiae
2183 3391 2278 3436 sub-

0 3513 15 3538 n
130 3453 347 3512 gnificare
370 3455 507 3501 Viros
532 3456 720 3502 absoluti
746 3458 959 3504 Dominii
978 3488 994 3505 .
1238 3458 1488 3517 jiciantur3
1511 3457 1630 3518 quod
1652 3457 1682 3502 fi
1705 3455 1962 3515 negligant,
1983 3453 2029 3498 in
2052 3451 2277 3502 maximos

207 3517 224 3568 (
246 3530 270 3559 2
292 3517 309 3572 )
344 3516 488 3563 Pallas
509 3515 724 3572 honestans
743 3529 817 3566 etc.
838 3519 1080 3581 implicata
1098 3518 1174 3567 hic
1239 3534 1406 3571 errores
1427 3534 1480 3569 ut
1514 3518 1766 3581 plurimum
1789 3516 2003 3566 labuntur
2021 3541 2038 3562 ο
