2808 4172
775 198 1561 291 MERLINI.
2100 228 2186 303 73

138 362 378 447 cingar
425 354 548 418 ait:
617 354 799 420 nobis
842 351 1078 445 semper
1120 353 1372 435 laudata
1419 351 1486 420 fit
1530 352 1685 420 illa.

142 459 283 535 Qio
322 443 534 528 didio,
582 448 851 537 pulcher
894 451 1089 513 senior
1119 437 1508 536 ,'barbaque
1558 444 1834 511 'decorus

137 538 487 608 Porticulas
541 544 1023 621 reserat,mox,
1075 538 1233 626 quid
1287 538 1476 620 velit,
1528 562 1634 604 ore
1677 536 2055 606 dimandat:

129 636 372 721 Cingar
423 634 553 699 ait:
602 632 956 700 venerande
1004 647 1209 721 pater,
1254 630 1379 695 deh
1431 631 1631 697 dicite
1674 632 1945 719 quaese,

25 739 28 742 ’
131 728 247 800 (si
297 747 438 790 mea
489 726 681 792 verba
729 743 941 791 tamen
988 747 1113 791 non
1157 722 1312 791 dant
1359 720 1606 792 fastidia
1657 723 1889 796 vobis)

123 815 353 882 Vidisti
407 841 483 883 ne
534 818 866 885 hominem
913 817 1205 884 medium
1238 869 1256 897 ,
1310 818 1729 908 mediumque
1788 815 2093 881 caninum
2128 816 2160 884 ἲ,

119 914 369 993 Qaero
414 933 522 999 per
565 912 735 978 hunc
775 914 1080 994 boscum,
1124 906 1380 977 vidistin
1427 908 1678 978 forsitan
1731 905 1921 978 illum
1959 909 1990 995 ἓ,

124 1003 470 1068 subridens
512 1009 713 1071 senior
765 1005 972 1072 dixit:
1025 1007 1119 1070 mi
1166 1002 1492 1095 splendide
1529 1008 1804 1095 cingar,

119 1098 429 1181 Qamvis
481 1121 606 1164 non
658 1099 906 1167 videam
939 1114 999 1164 te
1036 1119 1257 1179 nunc,
1293 1101 1447 1186 quia
1491 1097 1733 1164 lumine
1785 1095 2041 1184 privo&

124 1194 218 1253 Te
267 1203 482 1254 tamen
532 1195 796 1258 interius
845 1214 1074 1271 cerno,
1120 1206 1434 1280 teneoque
1481 1190 1810 1282 palesum.

126 1288 438 1367 Quaerere
487 1281 891 1351 Falchettum
937 1281 1193 1366 frustra,
1241 1283 1366 1349 tibi
1417 1283 1593 1365 dico,
1646 1283 1909 1349 laboras.

122 1380 234 1436 Me
287 1378 584 1439 miserum
636 1377 837 1465 quid,
881 1380 1123 1466 Cingar
1173 1380 1301 1461 ait,
1349 1377 1700 1467 quidnam,
1752 1390 1964 1467 pater,
2016 1363 2285 1459 inquis&

8 1521 11 1523 .
117 1470 412 1531 Mortuus
459 1465 541 1533 est
590 1464 852 1535 forsan?
902 1476 1175 1536 morerer
1209 1524 1229 1553 ‚
1281 1468 1321 1534 fi
1378 1485 1583 1535 morte
1623 1466 1913 1560 perisset.

123 1564 315 1640 Non,
374 1560 762 1650 (respondet
799 1565 857 1628 ei
910 1565 1157 1639 senior)
1199 1586 1326 1628 non
1379 1580 1666 1631 mortuus
1712 1561 1824 1628 ille
1867 1557 1986 1640 est,

124 1650 250 1716 Sed
307 1650 659 1718 Gilbeccus
709 1676 854 1736 eum
906 1670 1077 1717 tenet
1118 1670 1255 1719 atro
1304 1658 1371 1717 in
1425 1677 1678 1721 carcere
1711 1649 2042 1727 vinetum,

119 1745 245 1806 Cui
300 1746 598 1808 meretrix
649 1744 970 1809 Muselina
1010 1743 1194 1811 dedit
1241 1743 1375 1810 fera
1417 1745 1653 1836 pocula
1701 1744 1955 1824 somni,

122 1840 380 1923 Statque
437 1836 813 1901 cathenatus
868 1840 1050 1903 miser
1093 1841 1257 1904 intra
1306 1841 1544 1904 viscera
1592 1853 1875 1902 terrae.-

123 1930 323 1992 Hunc
364 1949 717 2017 numquam
764 1923 997 1996 educes
1028 1983 1045 2011 ‚
1091 1928 1200 1995 nifi
1243 1948 1305 1996 te
1353 1931 1698 2020 guardabis
1750 1930 1831 1993 ab
1894 1925 2043 2004 ilia,

119 2026 301 2105 Qae
351 2036 591 2086 tantam
643 2025 883 2111 spargit
935 2022 1173 2088 blando
1224 2028 1504 2091 sermone
1557 2041 1945 2112 camgmm,

0 2154 15 2211 ἵ
123 2118 212 2175 Ut
254 2113 510 2176 miseros
558 2111 846 2179 homines
905 2113 1091 2181 instar
1141 2120 1500 2180 Meretricis
1547 2116 1867 2182 amorbet.

120 2206 363 2291 Cingar
415 2206 556 2268 ait:
600 2203 725 2271 deh
784 2210 1017 2295 quaeso
1066 2223 1289 2295 pater,
1330 2206 1667 2281 monstrate
1716 2207 2088 2279 caminum,

118 2299 244 2379 Qi
298 2317 401 2359 me
450 2299 783 2375 scarteram
831 2296 945 2364 (1)
995 2299 1205 2381 subito
1255 2299 1535 2365 deducat
1584 2298 1666 2364 ad
1722 2294 1939 2361 istam:

122 2393 199 2452 Se
241 2403 447 2452 teneat
497 2386 648 2468 (2),
686 2387 723 2451 fi
757 2412 861 2454 me
909 2390 1230 2480 scapolat,
1273 2389 1614 2482 scapolaffe
1666 2386 2002 2453 diablum.

120 2483 424 2544 Attamen
456 2532 474 2560 ,
523 2482 695 2546 alme
733 2498 940 2570 pater,
991 2480 1260 2546 vestrum
1285 2482 1468 2548 rmihi
1517 2483 1718 2545 dicite
1766 2497 2042 2542 nomen.

123 2571 489 2659 Respondet
541 2570 787 2638 senior:
830 2569 1106 2638 nostrum
1156 2571 1196 2637 fi
1248 2572 1488 2639 discere
1541 2592 1777 2637 nomen

129 2670 362 2751 Optas,
412 2662 720 2729 diledtum
772 2674 928 2747 cura
977 2665 1146 2730 mihi
1197 2666 1437 2732 ducere
1487 2664 1799 2736 Baldum.

123 2754 282 2820 Inde
330 2755 498 2838 tibi,
552 2756 884 2845 Baldoque
932 2779 1079 2822 meo
1126 2757 1278 2823 volo
1319 2757 1537 2823 dicere
1583 2757 1867 2823 nomen}

124 2843 462 2935 Obstupuit
511 2847 1157 2949 Cingar‚vecchium
1206 2854 1592 2937 cognoscere
1642 2847 1909 2922 fratres,

128 2937 508 3027 Apelletque
557 2939 700 3007 illos
745 2963 854 3031 per
905 2962 1180 3020 nomen,
1237 2943 1518 3007 maxime
1569 2937 1886 3014 Baldum‚

128 3024 391 3116 Esseque
439 3037 777 3099 Eremitam
828 3035 1079 3124 pensat,
1132 3053 1571 3123 magnumque
1615 3026 2049 3122 prophetam-²

126 3128 295 3208 Ergo
336 3122 657 3192 discedens
703 3125 989 3217 promisit
1038 3126 1274 3192 ducere
1324 3125 1638 3204 Baldum‚

2 3285 5 3287 ,
110 3216 342 3304 Atque
391 3214 468 3279 ad
518 3219 882 3306 speluncam
936 3219 1293 3284 Muselinae
1343 3219 1624 3306 denique
1675 3213 1852 3279 venit
1885 3259 1901 3274 .

7 3312 10 3314 ’
608 3330 614 3334 ’
1207 3312 1269 3364 ἶΚ
1895 3300 2208 3358 candentes

130 3434 224 3541 tan}
252 3450 267 3479 ¹
295 3439 311 3493 )
348 3440 584 3487 hamram
603 3467 615 3484 ·
668 3438 922 3493 Mulierem
966 3412 1210 3565 repudia-¹
1322 3443 1425 3503 (a)
1459 3445 1510 3489 se
1538 3447 1674 3488 teneat
1691 3466 1708 3486 .
1738 3435 1829 3486 Pro
1846 3445 1974 3484 cetto
1994 3430 2159 3479 habeat
2183 3457 2199 3473 ..
