2808 4172
640 411 945 473 Dissiticare
982 413 1422 471 stat‘in1·ventr·em
1445 419 1836 491 ,liquida'teque
1869 427 2100 492 trippas,

645 492 819 555 Quam
854 487 1116 547 casia,aut
1150 483 1323 537 roseus
1349 485 1561 549 succus,
1598 491 1682 544 vel
1706 492 1863 546 dulza
1897 491 2166 553 sebestem‚

647 555 748 608 Vel
791 573 885 622 per
917 553 1242 610 christerium
1275 555 1560 609 Benedicta
1595 558 1746 613 ficata
1774 561 2051 616 dedretum
2072 600 2089 624 ‚

648 623 751 676 Vel
783 621 1115 690 disponentis
1142 621 1352 675 fezzam
1395 620 1634 690 supposta
1668 625 1900 681 savonis.

570 729 573 733 ,
653 696 857 760 Cingar
889 690 941 745 se
975 695 1136 744 traxit
1175 687 1313 755 paffu
1349 693 1592 746 tardante
1632 693 1952 756 dammum,

655 766 725 816 Et
751 764 1001 826 juvenem
1037 758 1222 826 pavida
1255 761 1541 825 guardabat
1579 779 1765 817 mente
1797 763 2100 829 galantum,

653 834 762 898 Qui
797 828 1139 884 stramort'itus
1172 828 1447 884 macilenti
1483 832 1658 885 fronte
1697 833 1928 893 jacebat.

650 902 870 953 Fecerat
904 914 967 952 et
998 898 1202 963 largum
1246 897 1514 953 lachrimis
1542 904 1598 953 in
1633 900 1811 954 littore
1846 916 2139 967 guazzum.

652 970 861 1032 Amne,
883 969 1083 1033 Cingar
1113 971 1214 1028 ait,
1250 985 1515 1034 quaenam
1553 986 1684 1035 puer
1720 969 1923 1035 inclyte
1951 968 2056 1022 sors
2088 984 2143 1020 te

663 1035 799 1091 Istuc
835 1033 1108 1101 guidavit?

640 1108 749 1159 -Sic
781 1106 999 1165 dicens,
1033 1108 1195 1159 vitam
1229 1104 1263 1157 sl
1297 1106 1435 1162 forte
1464 1106 1759 1173 reliquerat
1791 1105 1937 1162 istam

661 1173 794 1228 Vult
826 1177 1085 1240 experiri,
1126 1192 1331 1241 pagnos
1365 1177 1626 1231 sbaratare
1668 1192 1985 1235 comenzat.

652 1245 728 1295 Et
768 1245 1037 1298 modicum
1076 1243 1224 1298 tastat
1256 1250 1407 1298 tenui
1445 1243 1537 1299 sub
1570 1247 1727 1302 corde
1760 1244 2023 1303 calorem,

659 1316 838 1379 Quare
882 1317 1140 1378 cognovit
1182 1313 1413 1367 necdum
1435 1311 1692 1368 :sborrafl'e
1726 1311 1943 1372 flatum,

659 1383 781 1435 Nec
811 1385 1048 1447 requiem
1076 1397 1355 1435 aeternam
1393 1381 1561 1438 fuerat
1589 1397 1807 1438 cantare
1844 1379 2112 1445 bisognus,

660 1452 732 1502 At
772 1451 992 1514 pensare
1029 1454 1218 1518 nequit
1258 1448 1494 1516 guisam,
1523 1469 1626 1519 qua
1641 1449 1870 1506 ‘suscitet
1902 1448 2049 1502 illum
2062 1480 2080 1505 ,

661 1520 791 1570 Non
831 1519 901 1571 ibi
936 1520 1119 1590 credat
1159 1517 1293 1587 aqua
1328 1521 1522 1575 faciem
1561 1521 1790 1574 sbrofare
1826 1514 2027 1574 rosata,

661 1587 1152 1642 Nonssconfortanti
1187 1605 1350 1643 venas
1378 1589 1581 1657 fregare
1611 1593 1847 1648 Cirotto,

666 1657 798 1709 Non
839 1657 910 1708 ibi
948 1655 1123 1722 speret
1149 1674 1341 1723 aquam
1374 1659 1439 1712 de
1471 1659 1703 1729 flumine‘
1725 1657 1914 1711 tolle-re
1948 1646 2186 1708 frescanu

667 1726 917 1791 Namque
953 1725 1230 1780 venenofis
1256 1727 1509 1781 Acheron
1543 1725 1942 1792 cum,fluc'tibus
1981 1718 2093 1773 illic

666 1792 973 1857 Sbojentat‚
1004 1797 1375 1862 Juvenemque
1410 1801 1543 1850 mori
1572 1792 1771 1849 fecisset
1804 1793 2059 1848 afa-tcum,
2084 1857 2095 1868 .

662 1861 766 1915 Per
802 1879 1056 1916 mancum
1087 1880 1218 1928 ergo
1255 1863 1456 1917 malum
1492 1863 1718 1919 calidam
1752 1860 1981 1931 spinavit
2019 1865 2254 1907 onnam,

658 1930 731 1981 Et
759 1931 978 1995 Iuvenis
1013 1946 1207 1990 venas,
1245 1931 1419 1996 polsos
1444 1970 1463 1991 ,
1495 1949 1558 1987 ac
1592 1935 1792 1995 tempia
1833 1931 2064 1992 bagnat.
2157 1989 2167 1999 ⁸

662 2000 794 2051 Non
819 1996 1027 2064 poffens
1057 1998 1200 2065 quod
1235 1999 1382 2060 vult,
1416 1998 1584 2053 voluit
1606 1998 1756 2065 'quod
1794 1994 1933 2062 posse
1966 1989 2226 2059 prodivit,

661 2065 763 2118 Ille
802 2066 1058 2130 pudicino
1098 2064 1656 2132 piffaminevcingaris
1702 2065 1921 2122 unctus-2

662 2138 712 2185 A
751 2132 986 2198 pochum
1021 2136 1156 2187 vires
1184 2152 1221 2187 *a
1262 2133 1498 2200 pochum
1530 2132 1795 2188 summere
1833 2133 2047 2195 coepit,

662 2203 744 2255 Ac
781 2202 813 2254 si
845 2219 982 2268 aqua
1004 2201 1198 2257 'cotalis
1238 2199 1730 2257 benediCta‘fuiffet
1766 2205 1950 2258 orma,
2247 2233 2265 2255 ³

651 2272 839 2335 Quam
878 2269 1072 2324 bellam
1088 2271 1538 2338 2.frontem,quam
1575 2269 1739 2324 bellos
1761 2256 2243 2336 prompfirocellos

670 2340 887 2405 Hasque
930 2337 1197 2406 parolinas
1229 2341 1476 2406 inspedto
1512 2342 1748 2406 Cingare
1789 2339 1955 2391 fatur.

668 2409 752 2460 Sis
792 2408 1072 2462 benedicte
1101 2412 1223 2464 Deo
1243 2447 1261 2470 ,
1290 2409 1461 2476 qualis
1492 2410 1725 2462 Bai-rone
1755 2405 1923 2464 fuisti,

666 2479 781 2542 Qui
815 2476 949 2529 mihi
992 2474 1264 2535 semineco
1307 2475 1596 2532 trastullum
1620 2476 1738 2532 ‘tale
1771 2472 1999 2530 dedisti?

672 2547 805 2598 Non
845 2544 948 2600 hoc
986 2544 1185 2602 fecifl‘et
1222 2547 1521 2602 medicinae
1559 2551 1811 2616 inventor
1839 2537 2069 2608 Apollo·

670 2615 803 2674 Non
831 2613 1177 2672 Mithridates
1215 2621 1424 2684 nigram
1462 2615 1728 2683 portando
1763 2617 2043 2667 Triacam.

330 2737 335 2740 ,
668 2683 803 2735 Non
831 2688 934 2749 >qui
962 2686 1271 2751 corporibus
1299 2685 1592 2741 Galienum
1626 2685 1864 2752 repperit
1888 2676 2138 2733 unctum.

140 2744 654 2812 Mac.24.p.231.v.50
804 2753 934 2806 Non
963 2752 1187 2819 pensare
1225 2752 1399 2810 susum
1436 2755 1620 2809 dinam
1656 2752 1793 2808 stetit
1824 2746 1933 2816 ipse
1959 2735 2236 2799 Fracass‘us,

665 2827 736 2880 In
767 2839 872 2879 tres
909 2839 1109 2883 areatas
1140 2821 1424 2881 discorsam
1457 2823 1622 2889 longe
1661 2824 1859 2887 piavit,

671 2895 810 2948 Inde
854 2910 1078 2948 movens
1113 2892 1324 2949 cursum
1358 2898 1528 2960 ripam
1569 2888 1777 2944 saltavit
1817 2885 1882 2939 ad
1919 2882 2139 2938 altram,

670 2965 741 3016 Et
775 2963 980 3030 largum
1009 2979 1232 3018 centum
1268 2964 1486 3017 brazzos
1518 2955 1903 3015 transcendidit
1939 2955 2203 3004 Amnem:

674 3037 883 3087 Omnes
921 3032 1212 3086 terribilem
1241 3030 1431 3086 saltum
1460 3025 1698 3100 stupuere
1741 3028 2009 3078 Bai-ones.
2101 3087 2113 3098 ⁰

675 3101 868 3156 Baldus
894 3104 951 3154 «ei
986 3100 1210 3155 mandat
1247 3101 1526 3155 cerebrum
1561 3094 1820 3162 spezzare
1845 3091 2119 3144 Charonu

674 3171 814 3225 Inde
854 3187 1042 3236 prover
1071 3172 1318 3230 Baream,
1341 3169 1374 3221 fi
1403 3167 1539 3220 forte
1576 3165 1831 3219 reducere
1871 3153 2069 3224 poiseo

600 3274 602 3277 -
675 3241 796 3305 Iam
823 3238 1041 3294 Charon
1079 3243 1328 3305 attingit,
1349 3238 1520 3302 ripam
1557 3235 1662 3298 iam
1695 3234 1844 3286 exire
1881 3242 2034 3281 coma
2054 3219 2211 3276 ndat,

680 3309 764 3362 Ac
798 3308 1118 3362 sfortunatas
1154 3326 1275 3363 cum
1316 3322 1464 3360 remo
1499 3303 1733 3369 percutit
1772 3295 2012 3352 umbras,

684 3376 815 3431 Illae
854 3380 1138 3443 precipites
1183 3376 1427 3430 manibus
1463 3369 1724 3426 sbatendo
1760 3361 2069 3419 labascunt,

692 3446 778 3499 De
813 3463 965 3511 prora
1008 3446 1328 3512 fugiuntque
1367 3441 1831 3573 sexnisybatimenta
1862 3427 2211 3548 Charonffisdx
