2808 4172
718 232 1504 330 'MERLINL
1991 233 2128 330 153⁴

2 411 4 417 '
93 389 603 489 'Spezzasscadena
651 396 840 460 etiam
894 391 1235 485 squarza'tis
1283 391 1566 481 undique
1614 384 1830 455 sellis:

278 482 608 576 Postquam
659 486 932 552 Vulcani
980 487 1214 576 pariter
1265 506 1487 550 venere
1535 482 1885 571 Bot'egam,

98 575 472 668 Alloquitur
521 577 876 644 Vecchius:
930 586 1104 642 Bene
1158 582 1287 657 jam
1330 579 1593 641 veniatis
1648 575 1908 664 Amici5

5 687 9 691 ·
88 675 256 735 Sunt
303 675 448 736 anni
499 687 797 750 centum,
850 669 1020 758 quod
1070 667 1189 734 vos
1247 668 1514 760 expedio
1566 690 1670 757 per
1722 662 1854 728 istas

2 759 3 763 ’
102 762 448 851 Speluncas
478 815 499 847 ,
550 765 674 829 hoc
723 761 894 830 celsa
941 761 1111 826 mihi
1158 763 1560 851 providentia
1606 777 1856 847 tempus

0 879 1 882 ¹
97 855 453 937 Concedit,
507 857 715 923 donec
760 870 824 919 te
868 853 1108 944 poffem
1161 855 1359 921 Baide
1411 855 1659 919 videre.

84 949 214 1029 Qui
263 971 485 1036 perges
540 945 635 1023 (fi
689 971 828 1012 vera
878 948 1115 1011 docent
1163 971 1262 1012 me
1315 943 1550 1022 fidera)
1596 965 1769 1011 totas

86 1044 207 1103 Per
261 1043 504 1104 Baratri
551 1058 760 1130 portas
795 1093 813 1122 ,
856 1056 1189 1128 ,terraeque
1237 1045 1470 1107 *secreta
1524 1039 1802 1103 videbis.

92 1129 286 1194 Unde
336 1148 516 1197 tuam
569 1135 801 1213 vitam,
850 1155 972 1197 nec
1024 1157 1151 1197 non
1203 1148 1455 1199 cantare
1505 1130 1699 1221 prode
1722 1149 1857 1193 zzas

86 1227 408 1304 Decrev'i,
463 1222 502 1288 fi
550 1239 728 1289 tanta
778 1225 942 1289 mihi
993 1225 1347 1291 donabitur
1397 1240 1565 1288 aetas
1598 1275 1615 1304 ,

86 1315 284 1396 Qiod
339 1337 488 1379 cum
542 1320 917 1405 compagnis
967 1319 1394 1406 praesentibus
1448 1316 1595 1380 inde
1640 1332 1959 1379 retornas.

102 1408 392 1470 Nomine
444 1408 754 1472 Merlinus
804 1409 1027 1490 dicor,
1074 1409 1151 1476 de
1207 1412 1515 1498 sanguine
1567 1419 1863 1484 MantuS,
1955 1447 1958 1449 -

23 1503 26 1506 ’
92 1494 197 1561 Est
245 1499 409 1563 mihi
462 1522 828 1587 cognomen
879 1509 1158 1582 Cocajus
1203 1499 1762 1579 Maccaronenfis,

0 1637 4 1643 .
96 1595 225 1652 Vos
274 1598 453 1656 Pater
502 1596 905 1680 omnipotens
944 1599 1203 1675 iunxit,
1255 1592 1556 1681 tutosque
1611 1594 1908 1670 reduxit,

101 1678 319 1745 Restat
365 1683 449 1747 (1)
496 1684 867 1772 adimplatis
913 1690 1129 1751 animo
1180 1684 1285 1753 sua
1340 1685 1495 1767 jussa
1547 1684 1773 1768 fideli,

94 1774 232 1854 qui
284 1795 392 1836 vos
443 1773 644 1863 elegit
699 1790 952 1864 propter
1006 1775 1254 1841 lustrare
1307 1781 1603 1844 Masones
1794 1777 1799 1779 “

106 1860 389 1945 Inferni,
444 1863 793 1955 stygiasque
843 1867 1004 1934 mihi
1056 1892 1297 1935 narrare
1345 1867 1679 1935 'facenda8.

104 1959 461 2022 Conveniet
518 1957 811 2035 (fateor)
865 1961 1132 2050 grandes
1177 1960 1410 2052 pass'are
1458 1959 1718 2048 ‘fadigas
1750 2008 1775 2039 ,

101 2051 300 2132 Qod
351 2051 663 2139 desperati
713 2056 879 2117 vitae
932 2055 1316 2142 quandoque
1359 2054 1447 2120 (2)
1491 2054 1770 2130 saritis,

0 2170 23 2193 f
95 2145 317 2205 Gratia
367 2142 650 2208 coelestis
701 2144 1030 2209 vobiscum
1084 2152 1322 2234 semper
1375 2144 1647 2207 habetur
1686 2194 1706 2220 ,

3 2265 44 2324 ἡ.
103 2235 416 2321 Undique
475 2234 775 2301 defendet
816 2289 834 2317 ‚
886 2260 1003 2301 nec
1056 2262 1164 2302 vos
1211 2236 1505 2300 mortalia
1547 2233 1800 2323 pofl'unt

100 2326 413 2404 medere,
467 2324 508 2389 fi
559 2333 875 2393 Dominus
921 2329 1089 2393 coeii
1138 2329 1475 2418 praebebit
1520 2329 1828 2406 aJutum.'

100 2418 224 2483 Sed
275 2436 488 2481 tamen
521 2470 538 2498 ,
591 2444 630 2483 o
684 2419 882 2499 socii,
932 2445 1046 2484 vos
1096 2418 1442 2486 confeffare
1496 2419 1791 2504 bisognat

106 2519 292 2593 Quae
337 2508 730 2576 commisistis
781 2535 891 2600 per
944 2511 1172 2578 vestrae
1221 2529 1510 2599 tempora
1564 2513 1768 2574 vitae.

119 2607 262 2663 Nec
314 2601 720 2667 confessandi
775 2608 1008 2691 quaeso
1055 2599 1379 2694 vergogna
1429 2601 1499 2666 fit
1542 2600 1720 2680 ulla,

106 2695 281 2755 Nam
336 2695 654 2779 grandem
708 2699 1007 2760 meritum
1057 2698 1206 2762 talis
1246 2715 1580 2784 ‘vergogna
1628 2690 1939 2758 ministrat
1967 2702 1990 2752 .“

298 2788 540 2872 Cingar
590 2785 655 2850 id
708 2782 1022 2850 ascoltans
1067 2786 1314 2875 stringit
1363 2792 1423 2850 se
1476 2791 1541 2849 in
1591 2803 1839 2875 tergore
1893 2790 2143 2862 totum}

47 2931 50 2935 .
111 2879 287 2939 Nam
336 2900 427 2941 res
479 2874 763 2941 difficilis
807 2881 869 2941 se
922 2875 1275 2943 confeffare
1328 2878 1605 2942 videtur.

20 2992 21 2995 ¹
114 2967 352 3032 Baldus
395 2971 484 3031 ait
519 2969 835 3058 ,piacuit
887 2971 1075 3034 nobi-s
1128 2971 1398 3059 parlatio
1451 2967 1682 3051 vestra,

50 3060 52 3062 ’
112 3066 251 3124 Nos
310 3059 576 3126 Merline
643 3080 813 3152 pater
865 3062 987 3126 tibi
1044 3059 1544 3127 confeffabimus
1589 3084 1848 3128 ornnes,

117 3158 316 3217 Nunc
366 3176 488 3241 ego
542 3151 824 3222 stelliferi
882 3158 1188 3244 pietatem
1243 3158 1437 3219 nosco
1486 3156 1829 3232 Tonantis,

119 3248 245 3324 Qi
298 3268 422 3309 non
474 3245 799 3313 advertens
845 3266 1155 3336 quantum
1203 3249 1614 3339 peccavimus
1666 3246 1801 3324 illi,

124 3341 263 3400 Nos
308 3336 509 3426 elegit
560 3344 733 3406 enim
779 3346 1021 3407 Baratri
1072 3366 1190 3432 pro
1249 3363 1498 3433 cernere
1550 3339 1870 3403 Tombas;

183 3521 204 3574 ί
228 3535 246 3564 ι
272 3521 290 3576 )
324 3522 579 3581 Δᾰὶηορῖαεὶι
600 3548 617 3573 .
646 3521 956 3584 Adimpleatis
979 3552 994 3569 ·
1168 3523 1207 3588 „1
1294 3526 1311 3581 (
1338 3542 1362 3570 2
1386 3527 1405 3584 )
1438 3527 1598 3571 sarim
1618 3551 1635 3570 .
1665 3519 1809 3572 Eritis
1831 3549 1843 3564 .

1249 3437 1298 3485 V
2138 3429 2206 3482 Et
