2808 4172
1942 325 2086 400 359

615 438 723 504 Qui
753 433 958 503 semper
989 439 1261 494 Venerem
1290 438 1589 510 sprevitque
1616 444 1900 512 Cupidinis
1925 467 2137 510 arcum.

626 507 885 561 bornaces
904 508 1148 563 condunt
1180 510 1250 562 ibi
1272 507 1478 574 semper
1515 514 1660 568 mille
1692 515 1871 571 Diabli

621 579 852 636 Furnos,
889 575 1188 637 Furnelios,
1210 577 1409 637 Bozas,
1436 578 1661 634 caldaria
1697 582 1848 646 ferri,

618 647 978 710 Venturisque
1013 643 1160 700 locus
1195 645 1424 713 fignatur
1461 647 1670 714 finguiis
1701 650 1877 707 almis.

622 717 848 781 Ignoret
870 717 1111 778 quamvis
1142 732 1205 770 ea
1239 733 1376 783 quae
1412 731 1635 772 ventura
1666 715 1862 772 diavoi.
1950 750 1953 753 ·
2152 726 2209 736 ..-

754 783 896 847 Ergo
927 786 1148 850 quisque
1184 782 1330 840 suam
1356 784 1635 841 fornacem
1659 786 1820 840 Barro
1848 790 2041 845 caravit

620 852 1032 905 Semituinatam
1069 851 1215 908 velut
1250 853 1322 909 est
1356 858 1578 921 antiqua
1615 860 1843 917 muraia,

618 918 843 983 Singula
870 936 997 974 nam
1028 919 1220 978 fornax
1245 922 1407 978 habet
1430 923 1534 979 hoc
1557 925 1898 990 Epigramma
1930 937 2209 988 notatunn

613 986 774 1056 Quod
798 986 1003 1061 facinus
1024 989 1263 1052 struit‚id
1288 991 1558 1048 Confeffio
1593 991 1805 1049 destruit
1839 994 2002 1049 aima.

751 1056 948 1113 Baldus
965 1075 1031 1114 :at
1053 1063 1276 1116 inventa
1302 1060 1500 1129 'stupuit
1524 1064 1760 1119 Fornace
1794 1062 2076 1130 profunda,

614 1124 691 1179 In
722 1143 824 1193 qua
848 1143 973 1182 cum
991 1130 1152 1184 Berta
1183 1130 1419 1186 *debebat
1450 1130 1659 1200 semper
1691 1132 1871 1187 aduri.

541 1202 546 1207 ’
618 1193 707 1247 Ah
730 1233 748 1256 ,
772 1195 906 1250 dixit
931 1199 1162 1264 Cingar,
1195 1217 1289 1254 cur
1316 1199 1451 1255 fallit
1483 1206 1673 1267 opinio
1706 1200 1922 1268 vulgum
1940 1202 1968 1251 ,ἲ

614 1266 751 1385 ginis
786 1281 898 1318 non
930 1264 1190 1333 pensasset
1218 1272 1394 1335 potius
1431 1287 1555 1325 cum
1577 1268 1826 1336 Crispide
1861 1266 2083 1322 Baldum

622 1335 642 1385 1
694 1337 740 1387 ic
778 1332 1021 1391 damnari
1059 1335 1225 1391 veluti
1249 1337 1590 1393 <damnantur
1615 1335 1902 1393 Amantes?

616 1400 759 1457 Ecce
779 1404 919 1469 quid
955 1423 1154 1472 aequus
1186 1423 1336 1461 amor
1364 1409 1653 1473 conjunxit
1684 1405 1928 1472 Crispida
1961 1401 2212 1458 Baldum·

609 1469 719 1526 Hic
749 1469 969 1528 lascivus
1001 1473 1389 1531 amor‘iaseivos
1419 1476 1640 1531 damnat
1665 1479 1958 1534 Amantes.

616 1539 723 1593 Hic
746 1539 980 1597 ‘fincerus
1022 1562 1171 1598 amor
1203 1545 1428 1600 finceros
1457 1546 1642 1600 vlaudat
1667 1546 1951 1599 Amantes·

617 1607 809 1663 Baldus
843 1614 948 1672 ait,
978 1613 1116 1666 nihil
1145 1611 1218 1669 est
1254 1617 1329 1667 mi
1354 1616 1770 1682 cingar-opinio
1805 1610 1949 1683 vulgi
1976 1647 1995 1671 ι

616 1677 687 1730 Et
708 1676 846 1735 iicet
884 1680 1018 1752 haec
1050 1680 1324 1750 speculum
1359 1682 1793 1751 nostridenigret
1825 1681 2080 1738 honoris»

610 1747 837 1804 Summa
873 1765 1056 1807 tamen
1082 1753 1269 1808 Deitas
1294 1753 1358 1807 ad
1382 1752 1559 1810 lucem
1590 1753 1826 1820 denique
1845 1766 2038 1806 veram

613 1813 802 1894 'Prodit
825 1820 1133 1876 Amicitiam
1164 1840 1265 1878 ceu
1294 1839 1444 1878 nunc
1476 1824 1544 1877 de
1577 1820 1816 1888 Crispide
1857 1819 2013 1874 fecit.

621 1886 724 1938 Sed
762 1888 888 1952 quid
923 1889 990 1943 de
1012 1891 1166 1960 nobis
1201 1908 1337 1956 opus
1373 1891 1446 1945 est
1471 1908 1685 1945 narrare
1719 1887 2050 1955 prophanis-2

617 1954 850 2025 Qando
865 1956 1086 2022 quidem
1099 1956 1314 2013 ‘saucios
1335 1964 1499 2013 etiam
1514 1959 1663 2013 maia
1689 1958 1761 2011 lin
1767 1975 1870 2022 gua
1909 1947 2216 2021 premebat?

617 2023 862 2079 Maxime
882 2025 1281 2091 Hieronymum
1317 2026 1517 2095 dietum
1546 2030 1876 2091 cognomine
1907 2026 2117 2077 Divum

619 2090 689 2144 Et
724 2097 816 2158 qui
842 2095 1064 2165 Martini
1100 2088 1550 2164 Bric-iusspoffeffit
1591 2095 1883 2153 honorem.
1940 2153 1944 2157 -

620 2159 766 2227 Quid
791 2159 1016 2216 referam
1032 2159 1289 2218 ‘carolum
1313 2161 1598 2217 Benefflffi
1627 2159 1842 2229 claustra
1863 2156 2187 2218 :colentem-2

622 2229 802 2295 Quem
833 2245 1087 2298 tanquam
1122 2249 1313 2298 purum
1344 2228 1578 2298 joseph,
1599 2228 1894 2295 castamque
1913 2223 2219 2281 *Susannam

626 2300 871 2353 Crimine
899 2299 1142 2370 adulterii
1162 2300 1332 2360 ,furti
1351 2316 1575 2370 quoque
1609 2300 1792 2365 lingua
1827 2293 2120 2362 gravabat?

629 2366 733 2425 Sed
771 2384 953 2421 tamen
992 2369 1057 2424 ad
1093 2368 1258 2422 finem
1280 2368 1534 2424 Caiicutti
1562 2366 1708 2422 'seila
1745 2365 1932 2430 ribaldi

628 2439 734 2503 Qui
771 2436 927 2490 dabat
963 2434 1200 2492 accusam
1240 2436 1434 2492 Carolo
1469 2452 1690 2492 tenuata
1727 2431 2003 2492 remansit,

621 2505 698 2556 Et
734 2505 910 2558 Caroli
938 2506 1156 2559 tandem
1196 2509 1369 2574 patuit
1389 2521 1554 2561 ‘mens
1587 2504 1813 2561 candida
1837 2499 2076 2556 mundo,

627 2572 887 2639 Unquam
924 2591 1090 2629 nemo
1114 2575 1266 2629 {uam
1308 2573 1473 2630 voluit
1510 2573 1815 2629 deffendere
1847 2566 2088 2625 causam,

617 2646 803 2695 Immo
839 2659 951 2699 tota
984 2644 1175 2700 cohors
1213 2640 1384 2712 ipsum
1422 2642 1669 2714 cruci-fige
1697 2639 1973 2707 gridabat,

621 2712 754 2764 Tres
790 2709 974 2780 habuit
1011 2729 1199 2768 contra
1222 2711 1452 2765 Pilatum
1480 2711 1749 2777 ‘Caip'ham
1787 2724 1842 2762 et
1870 2712 2119 2759 Annam.

620 2777 821 2833 Pilatus
857 2780 1066 2835 dicebat
1095 2787 1196 2841 ei,
1220 2779 1355 2832 mihi
1382 2797 1527 2846 gens
1559 2795 1653 2832 tua
1684 2777 1873 2836 tradit,

622 2849 742 2902 Nec
791 2852 984 2902 meruit
1009 2849 1145 2915 quid
1184 2848 1239 2902 fit
1267 2866 1449 2902 verum
1486 2844 1810 2912 cognoscere
1850 2841 2098 2896 tandem.

623 2917 826 2971 Hunve
865 2914 1189 2983 flagellatum
1221 2914 1467 2982 crucifigi
1498 2915 1630 2968 ‘fecit
1662 2930 1716 2967 et
1755 2914 1954 2966 undam

630 2986 1016 3040 Dimandando
1049 3003 1241 3040 manus
1274 2983 1400 3038 lavit
1424 3023 1441 3046 ‚
1479 2983 1625 3038 velut
1659 2980 1783 3036 effet
1816 2982 1881 3034 ab
1916 2981 2029 3043 ejus

626 3057 902 3118 Sanguine
941 3053 1018 3106 nil
1051 3071 1256 3109 nocuus
1294 3052 1382 3106 fed
1424 3067 1635 3106 tantum
1667 3051 1828 3116 culpa
1872 3045 2090 3101 suorum
2127 3039 2224 3093 est·

762 3127 847 3176 Sic
877 3128 1053 3182 ait‚ac
1079 3127 1221 3176 inter
1261 3118 1534 3174 brusantes
1566 3125 1832 3187 quaeritat
1855 3116 2092 3172 umbras,

631 3194 810 3245 Tanta
831 3192 1156 3246 Pur-anatum
1186 3189 1407 3255 stipatur
1442 3193 1623 3261 copia.
1653 3187 1799 3253 quod
1839 3202 1954 3239 non

631 3258 965 3314 Discernunt
1002 3264 1206 3314 animas
1230 3274 1357 3325 quas
1397 3258 1558 3324 culpa
1594 3255 2095 3321 secretaqperemit.
2151 3317 2160 3324 α

628 3331 886 3384 Attamen
922 3328 1027 3383 heu
1065 3345 1293 3395 quantos
1328 3343 1436 3395 quo
1476 3343 1612 3397 gens
1648 3328 1791 3391 prius
1826 3320 1928 3377 effe
1970 3319 2188 3387 pudicos

626 3398 896 3458 Credidit,
933 3395 1196 3464 aspiciunt
1231 3396 1339 3452 illic
1383 3394 1648 3449 stridendo
1684 3395 1939 3449 cremari.

626 3469 862 3523 Maxime
902 3467 1198 3520 nonnullos
1234 3466 1429 3534 quibus
1468 3463 1597 3519 olim
1632 3481 1759 3521 cura
1793 3460 2039 3580 dabaturJ
2130 3527 2141 3539 .

2039 3541 2163 3580 orn·
