<?xml version="1.0" encoding="UTF-8"?>
<!DOCTYPE html PUBLIC "-//W3C//DTD XHTML 1.0 Transitional//EN"
    "http://www.w3.org/TR/xhtml1/DTD/xhtml1-transitional.dtd">
<html xmlns="http://www.w3.org/1999/xhtml" xml:lang="en" lang="en">
 <head>
  <title>
</title>
<meta http-equiv="Content-Type" content="text/html;charset=utf-8" />
  <meta name='ocr-system' content='tesseract 3.04.00' />
  <meta name='ocr-capabilities' content='ocr_page ocr_carea ocr_par ocr_line ocrx_word'/>
</head>
<body>
  <div class='ocr_page' id='page_1' title='image "./opusmacaronicumn00foleuoft_0760.png"; bbox 0 0 2808 4172; ppageno 0'>
   <div class='ocr_carea' id='block_1_1' title="bbox 648 257 792 367">
    <p class='ocr_par' dir='ltr' id='par_1_1' title="bbox 648 257 792 367">
     <span class='ocr_line' id='line_1_1' title="bbox 648 257 792 367; baseline -0.021 1"><span class='ocrx_word' id='word_1_1' title='bbox 648 257 792 367; x_wconf 68' lang='lat'>³332*</span> 
     </span>
    </p>
   </div>
   <div class='ocr_carea' id='block_1_2' title="bbox 1068 373 2452 464">
    <p class='ocr_par' dir='ltr' id='par_1_2' title="bbox 1068 373 2452 464">
     <span class='ocr_line' id='line_1_2' title="bbox 1068 373 2452 464; baseline -0.026 -3"><span class='ocrx_word' id='word_1_2' title='bbox 1068 403 1322 462; x_wconf 73' lang='lat' dir='ltr'>⁴Protinus</span> <span class='ocrx_word' id='word_1_3' title='bbox 1357 392 1642 464; x_wconf 70' lang='lat' dir='ltr'>egred&#39;iunt</span> <span class='ocrx_word' id='word_1_4' title='bbox 1664 428 1681 451; x_wconf 93' lang='lat'>‚</span> <span class='ocrx_word' id='word_1_5' title='bbox 1718 405 1780 442; x_wconf 92' lang='lat' dir='ltr'>ac</span> <span class='ocrx_word' id='word_1_6' title='bbox 1818 386 1966 440; x_wconf 84' lang='lat' dir='ltr'>ibant</span> <span class='ocrx_word' id='word_1_7' title='bbox 2001 382 2218 446; x_wconf 80' lang='lat' dir='ltr'>agmine</span> <span class='ocrx_word' id='word_1_8' title='bbox 2257 373 2452 429; x_wconf 65' lang='lat' dir='ltr'>strictm</span> 
     </span>
    </p>
   </div>
   <div class='ocr_carea' id='block_1_3' title="bbox 1075 443 2670 1974">
    <p class='ocr_par' dir='ltr' id='par_1_3' title="bbox 1075 443 2670 1974">
     <span class='ocr_line' id='line_1_3' title="bbox 1075 443 2490 537; baseline -0.028 -6"><span class='ocrx_word' id='word_1_9' title='bbox 1075 479 1324 537; x_wconf 82' lang='lat' dir='ltr'>Namque</span> <span class='ocrx_word' id='word_1_10' title='bbox 1359 468 1473 521; x_wconf 63' lang='lat' dir='ltr'>‚illic</span> <span class='ocrx_word' id='word_1_11' title='bbox 1504 464 1637 516; x_wconf 85' lang='lat' dir='ltr'>adeo</span> <span class='ocrx_word' id='word_1_12' title='bbox 1671 455 1833 525; x_wconf 77' lang='lat' dir='ltr'>grossa</span> <span class='ocrx_word' id='word_1_13' title='bbox 1871 452 1940 506; x_wconf 90' lang='lat' dir='ltr'>est</span> <span class='ocrx_word' id='word_1_14' title='bbox 1978 447 2250 503; x_wconf 83' lang='lat' dir='ltr'>offuscatio</span> <span class='ocrx_word' id='word_1_15' title='bbox 2287 443 2490 496; x_wconf 65' lang='lat' dir='ltr'>noctis,</span> 
     </span>
     <span class='ocr_line' id='line_1_4' title="bbox 1075 514 2382 611; baseline -0.028 -12"><span class='ocrx_word' id='word_1_16' title='bbox 1075 542 1235 611; x_wconf 88' lang='lat' dir='ltr'>Quod</span> <span class='ocrx_word' id='word_1_17' title='bbox 1271 531 1656 594; x_wconf 76' lang='lat' dir='ltr'>cum-cortello</span> <span class='ocrx_word' id='word_1_18' title='bbox 1693 525 1857 592; x_wconf 84' lang='lat' dir='ltr'>po-ffes</span> <span class='ocrx_word' id='word_1_19' title='bbox 1895 522 2054 584; x_wconf 78' lang='lat' dir='ltr'>tajare</span> <span class='ocrx_word' id='word_1_20' title='bbox 2094 514 2340 569; x_wconf 82' lang='lat' dir='ltr'>tenebras</span> <span class='ocrx_word' id='word_1_21' title='bbox 2365 549 2382 570; x_wconf 93' lang='lat'>‚</span> 
     </span>
     <span class='ocr_line' id='line_1_5' title="bbox 1077 584 2430 668; baseline -0.027 0"><span class='ocrx_word' id='word_1_22' title='bbox 1077 612 1305 668; x_wconf 86' lang='lat' dir='ltr'>Perdere</span> <span class='ocrx_word' id='word_1_23' title='bbox 1346 604 1437 661; x_wconf 78' lang='lat' dir='ltr'>ve}</span> <span class='ocrx_word' id='word_1_24' title='bbox 1480 599 1587 655; x_wconf 88' lang='lat' dir='ltr'>sese</span> <span class='ocrx_word' id='word_1_25' title='bbox 1627 595 1899 665; x_wconf 86' lang='lat' dir='ltr'>quisquam</span> <span class='ocrx_word' id='word_1_26' title='bbox 1940 584 2182 656; x_wconf 74' lang='lat' dir='ltr'>potuiffet</span> <span class='ocrx_word' id='word_1_27' title='bbox 2220 597 2430 635; x_wconf 84' lang='lat' dir='ltr'>eorum.</span> 
     </span>
     <span class='ocr_line' id='line_1_6' title="bbox 1081 650 2460 749; baseline -0.028 -13"><span class='ocrx_word' id='word_1_28' title='bbox 1081 678 1220 749; x_wconf 76' lang='lat' dir='ltr'>Iussu</span> <span class='ocrx_word' id='word_1_29' title='bbox 1259 694 1388 741; x_wconf 85' lang='lat' dir='ltr'>ergo</span> <span class='ocrx_word' id='word_1_30' title='bbox 1425 671 1647 725; x_wconf 88' lang='lat' dir='ltr'>Baldum</span> <span class='ocrx_word' id='word_1_31' title='bbox 1687 679 1903 730; x_wconf 89' lang='lat' dir='ltr'>parvum</span> <span class='ocrx_word' id='word_1_32' title='bbox 1940 655 2110 711; x_wconf 66' lang='lat' dir='ltr'>fecere</span> <span class='ocrx_word' id='word_1_33' title='bbox 2148 650 2460 715; x_wconf 85' lang='lat' dir='ltr'>trapellum,</span> 
     </span>
     <span class='ocr_line' id='line_1_7' title="bbox 1078 721 2525 815; baseline -0.028 -9"><span class='ocrx_word' id='word_1_34' title='bbox 1078 754 1259 815; x_wconf 86' lang='lat' dir='ltr'>Atque</span> <span class='ocrx_word' id='word_1_35' title='bbox 1302 741 1615 809; x_wconf 89' lang='lat' dir='ltr'>Capellettis</span> <span class='ocrx_word' id='word_1_36' title='bbox 1653 735 1837 788; x_wconf 81' lang='lat' dir='ltr'>similes</span> <span class='ocrx_word' id='word_1_37' title='bbox 1875 726 2130 780; x_wconf 84' lang='lat' dir='ltr'>insemma</span> <span class='ocrx_word' id='word_1_38' title='bbox 2169 721 2473 773; x_wconf 88' lang='lat' dir='ltr'>dunantur.</span> <span class='ocrx_word' id='word_1_39' title='bbox 2522 727 2525 729; x_wconf 64' lang='grc'><strong>“</strong></span> 
     </span>
     <span class='ocr_line' id='line_1_8' title="bbox 1202 785 2471 878; baseline -0.028 -7"><span class='ocrx_word' id='word_1_40' title='bbox 1202 820 1470 878; x_wconf 77' lang='lat' dir='ltr'>‘Namque</span> <span class='ocrx_word' id='word_1_41' title='bbox 1493 805 1782 872; x_wconf 88' lang='lat' dir='ltr'>Capelletti</span> <span class='ocrx_word' id='word_1_42' title='bbox 1819 802 2021 866; x_wconf 67' lang='lat' dir='ltr'>leget-os</span> <span class='ocrx_word' id='word_1_43' title='bbox 2059 792 2210 858; x_wconf 89' lang='lat' dir='ltr'>supra</span> <span class='ocrx_word' id='word_1_44' title='bbox 2229 785 2471 841; x_wconf 86' lang='lat' dir='ltr'>Cavallos</span> 
     </span>
     <span class='ocr_line' id='line_1_9' title="bbox 1085 868 2454 955; baseline -0.026 -13"><span class='ocrx_word' id='word_1_45' title='bbox 1085 886 1321 955; x_wconf 84' lang='lat' dir='ltr'>Quando</span> <span class='ocrx_word' id='word_1_46' title='bbox 1353 883 1626 934; x_wconf 86' lang='lat' dir='ltr'>Coreriam</span> <span class='ocrx_word' id='word_1_47' title='bbox 1663 875 1866 928; x_wconf 88' lang='lat' dir='ltr'>faciunt</span> <span class='ocrx_word' id='word_1_48' title='bbox 1907 868 2124 919; x_wconf 84' lang='lat' dir='ltr'>inimica</span> <span class='ocrx_word' id='word_1_49' title='bbox 2163 875 2256 924; x_wconf 88' lang='lat' dir='ltr'>per</span> <span class='ocrx_word' id='word_1_50' title='bbox 2297 872 2454 912; x_wconf 86' lang='lat' dir='ltr'>arva,</span> 
     </span>
     <span class='ocr_line' id='line_1_10' title="bbox 1090 926 2391 1016; baseline -0.025 -8"><span class='ocrx_word' id='word_1_51' title='bbox 1090 959 1222 1008; x_wconf 90' lang='lat' dir='ltr'>Non</span> <span class='ocrx_word' id='word_1_52' title='bbox 1259 950 1659 1016; x_wconf 84' lang='lat' dir='ltr'>spernazzatur,</span> <span class='ocrx_word' id='word_1_53' title='bbox 1685 943 1810 994; x_wconf 83' lang='lat' dir='ltr'>facit</span> <span class='ocrx_word' id='word_1_54' title='bbox 1843 953 1904 990; x_wconf 87' lang='lat' dir='ltr'>ut</span> <span class='ocrx_word' id='word_1_55' title='bbox 1942 934 2136 987; x_wconf 86' lang='lat' dir='ltr'>villana</span> <span class='ocrx_word' id='word_1_56' title='bbox 2166 926 2391 988; x_wconf 86' lang='lat' dir='ltr'>Canaja.</span> 
     </span>
     <span class='ocr_line' id='line_1_11' title="bbox 1092 1001 2402 1077; baseline -0.024 -2"><span class='ocrx_word' id='word_1_57' title='bbox 1092 1025 1298 1074; x_wconf 86' lang='lat' dir='ltr'>Verum</span> <span class='ocrx_word' id='word_1_58' title='bbox 1329 1020 1637 1077; x_wconf 86' lang='lat' dir='ltr'>Groppetto</span> <span class='ocrx_word' id='word_1_59' title='bbox 1671 1009 1823 1061; x_wconf 67' lang='lat' dir='ltr'>stricti</span> <span class='ocrx_word' id='word_1_60' title='bbox 1854 1003 2127 1058; x_wconf 76' lang='lat' dir='ltr'>calcantur</span> <span class='ocrx_word' id='word_1_61' title='bbox 2166 1001 2219 1047; x_wconf 92' lang='lat' dir='ltr'>in</span> <span class='ocrx_word' id='word_1_62' title='bbox 2258 1010 2402 1052; x_wconf 86' lang='lat' dir='ltr'>uno,</span> 
     </span>
     <span class='ocr_line' id='line_1_12' title="bbox 1092 1065 2354 1150; baseline -0.027 -4"><span class='ocrx_word' id='word_1_63' title='bbox 1092 1093 1290 1146; x_wconf 88' lang='lat' dir='ltr'>Donec</span> <span class='ocrx_word' id='word_1_64' title='bbox 1325 1080 1585 1150; x_wconf 82' lang='lat' dir='ltr'>aquistatis</span> <span class='ocrx_word' id='word_1_65' title='bbox 1623 1076 1831 1143; x_wconf 85' lang='lat' dir='ltr'>parlent</span> <span class='ocrx_word' id='word_1_66' title='bbox 1870 1070 2092 1136; x_wconf 87' lang='lat' dir='ltr'>sperone</span> <span class='ocrx_word' id='word_1_67' title='bbox 2126 1065 2354 1121; x_wconf 88' lang='lat' dir='ltr'>botinis,</span> 
     </span>
     <span class='ocr_line' id='line_1_13' title="bbox 1090 1126 2620 1224; baseline -0.024 -11"><span class='ocrx_word' id='word_1_68' title='bbox 1090 1161 1270 1224; x_wconf 85' lang='lat' dir='ltr'>Atque</span> <span class='ocrx_word' id='word_1_69' title='bbox 1307 1147 1504 1209; x_wconf 61' lang='lat' dir='ltr'>cavallss</span> <span class='ocrx_word' id='word_1_70' title='bbox 1552 1143 1686 1213; x_wconf 65' lang='lat' dir='ltr'>grisii</span> <span class='ocrx_word' id='word_1_71' title='bbox 1726 1145 1814 1196; x_wconf 89' lang='lat' dir='ltr'>bre</span> <span class='ocrx_word' id='word_1_72' title='bbox 1854 1140 1979 1198; x_wconf 90' lang='lat' dir='ltr'>bre,</span> <span class='ocrx_word' id='word_1_73' title='bbox 2011 1134 2099 1188; x_wconf 81' lang='lat' dir='ltr'>vel</span> <span class='ocrx_word' id='word_1_74' title='bbox 2134 1130 2373 1197; x_wconf 85' lang='lat' dir='ltr'>pospodo</span> <span class='ocrx_word' id='word_1_75' title='bbox 2408 1126 2620 1180; x_wconf 84' lang='lat' dir='ltr'>dicant.</span> 
     </span>
     <span class='ocr_line' id='line_1_14' title="bbox 1231 1192 2651 1285; baseline -0.025 -6"><span class='ocrx_word' id='word_1_76' title='bbox 1231 1223 1420 1278; x_wconf 85' lang='lat' dir='ltr'>Baldus</span> <span class='ocrx_word' id='word_1_77' title='bbox 1469 1215 1792 1285; x_wconf 89' lang='lat' dir='ltr'>praecedens</span> <span class='ocrx_word' id='word_1_78' title='bbox 1831 1205 2167 1274; x_wconf 87' lang='lat' dir='ltr'>sguainatum</span> <span class='ocrx_word' id='word_1_79' title='bbox 2209 1199 2403 1262; x_wconf 85' lang='lat' dir='ltr'>bajulat</span> <span class='ocrx_word' id='word_1_80' title='bbox 2439 1192 2651 1251; x_wconf 86' lang='lat' dir='ltr'>ensem,</span> 
     </span>
     <span class='ocr_line' id='line_1_15' title="bbox 1097 1267 2378 1353; baseline -0.028 -1"><span class='ocrx_word' id='word_1_81' title='bbox 1097 1294 1355 1350; x_wconf 78' lang='lat' dir='ltr'>Boccalus</span> <span class='ocrx_word' id='word_1_82' title='bbox 1394 1303 1675 1353; x_wconf 85' lang='lat' dir='ltr'>nunquam</span> <span class='ocrx_word' id='word_1_83' title='bbox 1714 1280 1764 1335; x_wconf 90' lang='lat' dir='ltr'>se</span> <span class='ocrx_word' id='word_1_84' title='bbox 1806 1279 2112 1330; x_wconf 89' lang='lat' dir='ltr'>diluntanat</span> <span class='ocrx_word' id='word_1_85' title='bbox 2150 1267 2217 1322; x_wconf 92' lang='lat' dir='ltr'>ab</span> <span class='ocrx_word' id='word_1_86' title='bbox 2256 1267 2378 1324; x_wconf 92' lang='lat' dir='ltr'>illo,</span> 
     </span>
     <span class='ocr_line' id='line_1_16' title="bbox 1101 1326 2666 1430; baseline -0.027 -10"><span class='ocrx_word' id='word_1_87' title='bbox 1101 1369 1274 1430; x_wconf 84' lang='lat' dir='ltr'>Seque</span> <span class='ocrx_word' id='word_1_88' title='bbox 1302 1360 1640 1415; x_wconf 83' lang='lat' dir='ltr'>-volenteram</span> <span class='ocrx_word' id='word_1_89' title='bbox 1679 1346 1949 1413; x_wconf 85' lang='lat' dir='ltr'>(tremulo</span> <span class='ocrx_word' id='word_1_90' title='bbox 1985 1346 2107 1409; x_wconf 88' lang='lat' dir='ltr'>quia</span> <span class='ocrx_word' id='word_1_91' title='bbox 2131 1336 2286 1392; x_wconf 87' lang='lat' dir='ltr'>corde</span> <span class='ocrx_word' id='word_1_92' title='bbox 2325 1326 2586 1396; x_wconf 79' lang='lat' dir='ltr'>stopinat)</span> <span class='ocrx_word' id='word_1_93' title='bbox 2659 1326 2666 1328; x_wconf 65' lang='grc'><em>’</em></span> 
     </span>
     <span class='ocr_line' id='line_1_17' title="bbox 1101 1399 2425 1488; baseline -0.025 -2"><span class='ocrx_word' id='word_1_94' title='bbox 1101 1432 1283 1488; x_wconf 90' lang='lat' dir='ltr'>Vellet</span> <span class='ocrx_word' id='word_1_95' title='bbox 1317 1434 1379 1482; x_wconf 80' lang='lat' dir='ltr'>{in</span> <span class='ocrx_word' id='word_1_96' title='bbox 1409 1426 1544 1480; x_wconf 84' lang='lat' dir='ltr'>illius</span> <span class='ocrx_word' id='word_1_97' title='bbox 1580 1437 1753 1476; x_wconf 85' lang='lat' dir='ltr'>totum</span> <span class='ocrx_word' id='word_1_98' title='bbox 1791 1415 1842 1471; x_wconf 91' lang='lat' dir='ltr'>se</span> <span class='ocrx_word' id='word_1_99' title='bbox 1879 1410 2199 1469; x_wconf 76' lang='lat' dir='ltr'>abscondere</span> <span class='ocrx_word' id='word_1_100' title='bbox 2232 1399 2425 1459; x_wconf 85' lang='lat' dir='ltr'>costas?</span> 
     </span>
     <span class='ocr_line' id='line_1_18' title="bbox 1099 1469 2589 1557; baseline -0.027 0"><span class='ocrx_word' id='word_1_101' title='bbox 1099 1505 1242 1557; x_wconf 86' lang='lat' dir='ltr'>Tam</span> <span class='ocrx_word' id='word_1_102' title='bbox 1272 1501 1410 1553; x_wconf 89' lang='lat' dir='ltr'>bene</span> <span class='ocrx_word' id='word_1_103' title='bbox 1442 1495 1665 1550; x_wconf 82' lang='lat' dir='ltr'>furfanti</span> <span class='ocrx_word' id='word_1_104' title='bbox 1706 1502 1984 1552; x_wconf 83' lang='lat' dir='ltr'>nunquam</span> <span class='ocrx_word' id='word_1_105' title='bbox 2021 1475 2303 1534; x_wconf 81' lang='lat' dir='ltr'>tremolare</span> <span class='ocrx_word' id='word_1_106' title='bbox 2339 1469 2589 1526; x_wconf 85' lang='lat' dir='ltr'>videntur</span> 
     </span>
     <span class='ocr_line' id='line_1_19' title="bbox 1095 1544 2633 1626; baseline -0.027 1"><span class='ocrx_word' id='word_1_107' title='bbox 1095 1575 1244 1626; x_wconf 30' lang='lat' dir='ltr'>*Cum</span> <span class='ocrx_word' id='word_1_108' title='bbox 1285 1581 1575 1622; x_wconf 84' lang='lat' dir='ltr'>maneante</span> <span class='ocrx_word' id='word_1_109' title='bbox 1614 1562 1735 1614; x_wconf 91' lang='lat' dir='ltr'>foco</span> <span class='ocrx_word' id='word_1_110' title='bbox 1774 1558 2049 1621; x_wconf 87' lang='lat' dir='ltr'>patiuntur</span> <span class='ocrx_word' id='word_1_111' title='bbox 2086 1560 2327 1610; x_wconf 85' lang='lat' dir='ltr'>tempora</span> <span class='ocrx_word' id='word_1_112' title='bbox 2362 1544 2591 1606; x_wconf 80' lang='lat' dir='ltr'>giazzae</span> <span class='ocrx_word' id='word_1_113' title='bbox 2616 1570 2633 1594; x_wconf 93' lang='lat'>‚</span> 
     </span>
     <span class='ocr_line' id='line_1_20' title="bbox 1104 1619 2358 1693; baseline -0.026 0"><span class='ocrx_word' id='word_1_114' title='bbox 1104 1641 1187 1693; x_wconf 91' lang='lat' dir='ltr'>Ut</span> <span class='ocrx_word' id='word_1_115' title='bbox 1227 1637 1387 1691; x_wconf 89' lang='lat' dir='ltr'>modo</span> <span class='ocrx_word' id='word_1_116' title='bbox 1425 1629 1676 1687; x_wconf 86' lang='lat' dir='ltr'>Boccalus</span> <span class='ocrx_word' id='word_1_117' title='bbox 1714 1625 1867 1679; x_wconf 86' lang='lat' dir='ltr'>filans</span> <span class='ocrx_word' id='word_1_118' title='bbox 1907 1619 2163 1674; x_wconf 83' lang='lat' dir='ltr'>subtiliter</span> <span class='ocrx_word' id='word_1_119' title='bbox 2200 1627 2358 1669; x_wconf 89' lang='lat' dir='ltr'>ante,</span> 
     </span>
     <span class='ocr_line' id='line_1_21' title="bbox 1104 1673 2507 1773; baseline -0.027 -10"><span class='ocrx_word' id='word_1_120' title='bbox 1104 1710 1390 1773; x_wconf 88' lang='lat' dir='ltr'>Retroque</span> <span class='ocrx_word' id='word_1_121' title='bbox 1428 1698 1714 1769; x_wconf 82' lang='lat' dir='ltr'>guardabat</span> <span class='ocrx_word' id='word_1_122' title='bbox 1753 1708 1924 1748; x_wconf 88' lang='lat' dir='ltr'>mutas</span> <span class='ocrx_word' id='word_1_123' title='bbox 1952 1683 2203 1755; x_wconf 77' lang='lat' dir='ltr'>gestando</span> <span class='ocrx_word' id='word_1_124' title='bbox 2241 1673 2507 1744; x_wconf 80' lang='lat' dir='ltr'>loquelaS,</span> 
     </span>
     <span class='ocr_line' id='line_1_22' title="bbox 1104 1753 2437 1843; baseline -0.028 -10"><span class='ocrx_word' id='word_1_125' title='bbox 1104 1779 1284 1843; x_wconf 87' lang='lat' dir='ltr'>Atque</span> <span class='ocrx_word' id='word_1_126' title='bbox 1326 1770 1640 1838; x_wconf 85' lang='lat' dir='ltr'>Agnusdeos</span> <span class='ocrx_word' id='word_1_127' title='bbox 1679 1763 1903 1819; x_wconf 81' lang='lat' dir='ltr'>faciebat</span> <span class='ocrx_word' id='word_1_128' title='bbox 1938 1757 2098 1821; x_wconf 90' lang='lat' dir='ltr'>soepe</span> <span class='ocrx_word' id='word_1_129' title='bbox 2135 1753 2437 1807; x_wconf 86' lang='lat' dir='ltr'>caminans.</span> 
     </span>
     <span class='ocr_line' id='line_1_23' title="bbox 1245 1803 2670 1908; baseline -0.03 -8"><span class='ocrx_word' id='word_1_130' title='bbox 1245 1849 1375 1898; x_wconf 89' lang='lat' dir='ltr'>Non</span> <span class='ocrx_word' id='word_1_131' title='bbox 1407 1838 1591 1908; x_wconf 83' lang='lat' dir='ltr'>procul</span> <span class='ocrx_word' id='word_1_132' title='bbox 1629 1828 1887 1890; x_wconf 84' lang='lat' dir='ltr'>ascoltant</span> <span class='ocrx_word' id='word_1_133' title='bbox 1913 1827 2185 1892; x_wconf 82' lang='lat' dir='ltr'>strepitum</span> <span class='ocrx_word' id='word_1_134' title='bbox 2219 1818 2440 1872; x_wconf 84' lang='lat' dir='ltr'>rumoris</span> <span class='ocrx_word' id='word_1_135' title='bbox 2468 1803 2670 1875; x_wconf 73' lang='lat' dir='ltr'>aquosi,</span> 
     </span>
     <span class='ocr_line' id='line_1_24' title="bbox 1109 1886 2413 1974; baseline -0.028 -5"><span class='ocrx_word' id='word_1_136' title='bbox 1109 1917 1242 1968; x_wconf 89' lang='lat' dir='ltr'>Non</span> <span class='ocrx_word' id='word_1_137' title='bbox 1280 1913 1432 1965; x_wconf 86' lang='lat' dir='ltr'>aliter</span> <span class='ocrx_word' id='word_1_138' title='bbox 1464 1905 1686 1974; x_wconf 84' lang='lat' dir='ltr'>quando</span> <span class='ocrx_word' id='word_1_139' title='bbox 1721 1902 1927 1953; x_wconf 86' lang='lat' dir='ltr'>laxatur</span> <span class='ocrx_word' id='word_1_140' title='bbox 1967 1896 2132 1947; x_wconf 90' lang='lat' dir='ltr'>brena</span> <span class='ocrx_word' id='word_1_141' title='bbox 2165 1886 2413 1940; x_wconf 83' lang='lat' dir='ltr'>Molinis.</span> 
     </span>
    </p>
   </div>
   <div class='ocr_carea' id='block_1_4' title="bbox 1111 1942 2716 2102">
    <p class='ocr_par' dir='ltr' id='par_1_4' title="bbox 1111 1942 2716 2102">
     <span class='ocr_line' id='line_1_25' title="bbox 1111 1942 2716 2035; baseline -0.025 0"><span class='ocrx_word' id='word_1_142' title='bbox 1111 1982 1304 2035; x_wconf 81' lang='lat' dir='ltr'>Baldus</span> <span class='ocrx_word' id='word_1_143' title='bbox 1338 1979 1402 2031; x_wconf 75' lang='lat' dir='ltr'>ad</span> <span class='ocrx_word' id='word_1_144' title='bbox 1435 1978 1583 2028; x_wconf 89' lang='lat' dir='ltr'>hunc</span> <span class='ocrx_word' id='word_1_145' title='bbox 1620 1971 1855 2024; x_wconf 87' lang='lat' dir='ltr'>sonitum</span> <span class='ocrx_word' id='word_1_146' title='bbox 1883 1965 2085 2026; x_wconf 87' lang='lat' dir='ltr'>scarpas</span> <span class='ocrx_word' id='word_1_147' title='bbox 2114 1957 2447 2017; x_wconf 36' lang='lat' dir='ltr'>‘dirrumpere</span> <span class='ocrx_word' id='word_1_148' title='bbox 2505 1942 2716 2003; x_wconf 62' lang='lat' dir='ltr'>tendit5</span> 
     </span>
     <span class='ocr_line' id='line_1_26' title="bbox 1111 2015 2576 2102; baseline -0.024 1"><span class='ocrx_word' id='word_1_149' title='bbox 1111 2052 1369 2102; x_wconf 85' lang='lat' dir='ltr'>Arrivant</span> <span class='ocrx_word' id='word_1_150' title='bbox 1411 2043 1632 2094; x_wconf 88' lang='lat' dir='ltr'>tandem</span> <span class='ocrx_word' id='word_1_151' title='bbox 1672 2036 1889 2101; x_wconf 83' lang='lat' dir='ltr'>pavidas</span> <span class='ocrx_word' id='word_1_152' title='bbox 1921 2028 2242 2083; x_wconf 79' lang='lat' dir='ltr'>Acherontis</span> <span class='ocrx_word' id='word_1_153' title='bbox 2279 2022 2342 2073; x_wconf 93' lang='lat' dir='ltr'>ad</span> <span class='ocrx_word' id='word_1_154' title='bbox 2373 2015 2576 2071; x_wconf 75' lang='lat' dir='ltr'>undas-</span> 
     </span>
    </p>
   </div>
   <div class='ocr_carea' id='block_1_5' title="bbox 1112 2089 2624 2939">
    <p class='ocr_par' dir='ltr' id='par_1_5' title="bbox 1113 2089 2507 2455">
     <span class='ocr_line' id='line_1_27' title="bbox 1113 2089 2388 2168; baseline -0.023 0"><span class='ocrx_word' id='word_1_155' title='bbox 1113 2117 1360 2168; x_wconf 85' lang='lat' dir='ltr'>Cernere</span> <span class='ocrx_word' id='word_1_156' title='bbox 1396 2111 1660 2162; x_wconf 70' lang='lat' dir='ltr'>fornaces</span> <span class='ocrx_word' id='word_1_157' title='bbox 1683 2107 1787 2167; x_wconf 86' lang='lat' dir='ltr'>jam</span> <span class='ocrx_word' id='word_1_158' title='bbox 1823 2101 1887 2151; x_wconf 91' lang='lat' dir='ltr'>de</span> <span class='ocrx_word' id='word_1_159' title='bbox 1922 2097 2149 2148; x_wconf 85' lang='lat' dir='ltr'>lontano</span> <span class='ocrx_word' id='word_1_160' title='bbox 2182 2089 2388 2154; x_wconf 85' lang='lat' dir='ltr'>fogatas</span> 
     </span>
     <span class='ocr_line' id='line_1_28' title="bbox 1124 2162 2432 2247; baseline -0.024 -11"><span class='ocrx_word' id='word_1_161' title='bbox 1124 2184 1439 2247; x_wconf 82' lang='lat' dir='ltr'>Incipiunt,</span> <span class='ocrx_word' id='word_1_162' title='bbox 1468 2172 1884 2241; x_wconf 79' lang='lat' dir='ltr'>talique-vident</span> <span class='ocrx_word' id='word_1_163' title='bbox 1917 2163 2086 2218; x_wconf 88' lang='lat' dir='ltr'>lusore</span> <span class='ocrx_word' id='word_1_164' title='bbox 2113 2162 2432 2215; x_wconf 89' lang='lat' dir='ltr'>Caminum.</span> 
     </span>
     <span class='ocr_line' id='line_1_29' title="bbox 1122 2227 2444 2305; baseline -0.024 1"><span class='ocrx_word' id='word_1_165' title='bbox 1122 2254 1279 2305; x_wconf 90' lang='lat' dir='ltr'>Circa</span> <span class='ocrx_word' id='word_1_166' title='bbox 1322 2247 1435 2302; x_wconf 88' lang='lat' dir='ltr'>suas</span> <span class='ocrx_word' id='word_1_167' title='bbox 1469 2244 1619 2300; x_wconf 90' lang='lat' dir='ltr'>testas</span> <span class='ocrx_word' id='word_1_168' title='bbox 1666 2243 1981 2295; x_wconf 87' lang='lat' dir='ltr'>Animarum</span> <span class='ocrx_word' id='word_1_169' title='bbox 2025 2231 2170 2287; x_wconf 87' lang='lat' dir='ltr'>milia</span> <span class='ocrx_word' id='word_1_170' title='bbox 2201 2227 2444 2280; x_wconf 86' lang='lat' dir='ltr'>strident.</span> 
     </span>
     <span class='ocr_line' id='line_1_30' title="bbox 1127 2297 2507 2384; baseline -0.022 -12"><span class='ocrx_word' id='word_1_171' title='bbox 1127 2321 1364 2384; x_wconf 83' lang='lat' dir='ltr'>Agmina</span> <span class='ocrx_word' id='word_1_172' title='bbox 1393 2313 1616 2369; x_wconf 86' lang='lat' dir='ltr'>terribili</span> <span class='ocrx_word' id='word_1_173' title='bbox 1654 2312 1943 2367; x_wconf 85' lang='lat' dir='ltr'>clamantia</span> <span class='ocrx_word' id='word_1_174' title='bbox 1978 2298 2105 2358; x_wconf 83' lang='lat' dir='ltr'>voce</span> <span class='ocrx_word' id='word_1_175' title='bbox 2142 2297 2507 2352; x_wconf 84' lang='lat' dir='ltr'>Charontem,</span> 
     </span>
     <span class='ocr_line' id='line_1_31' title="bbox 1122 2366 2379 2455; baseline -0.011 -14"><span class='ocrx_word' id='word_1_176' title='bbox 1122 2391 1270 2455; x_wconf 70' lang='lat' dir='ltr'>Quas</span> <span class='ocrx_word' id='word_1_177' title='bbox 1308 2383 1395 2440; x_wconf 87' lang='lat' dir='ltr'>sua</span> <span class='ocrx_word' id='word_1_178' title='bbox 1426 2383 1653 2438; x_wconf 86' lang='lat' dir='ltr'>debebat</span> <span class='ocrx_word' id='word_1_179' title='bbox 1686 2384 1850 2436; x_wconf 86' lang='lat' dir='ltr'>Navis</span> <span class='ocrx_word' id='word_1_180' title='bbox 1884 2371 2075 2444; x_wconf 90' lang='lat' dir='ltr'>passare</span> <span class='ocrx_word' id='word_1_181' title='bbox 2107 2366 2339 2428; x_wconf 82' lang='lat' dir='ltr'>delaium</span> <span class='ocrx_word' id='word_1_182' title='bbox 2364 2390 2379 2407; x_wconf 92' lang='lat'><strong>·</strong></span> 
     </span>
    </p>

    <p class='ocr_par' dir='ltr' id='par_1_6' title="bbox 1112 2424 2624 2939">
     <span class='ocr_line' id='line_1_32' title="bbox 1207 2424 2624 2523; baseline -0.025 -9"><span class='ocrx_word' id='word_1_183' title='bbox 1207 2512 1211 2515; x_wconf 80' lang='grc'>,</span> <span class='ocrx_word' id='word_1_184' title='bbox 1262 2459 1466 2523; x_wconf 80' lang='lat' dir='ltr'>cingar</span> <span class='ocrx_word' id='word_1_185' title='bbox 1498 2452 1551 2508; x_wconf 88' lang='lat' dir='ltr'>se</span> <span class='ocrx_word' id='word_1_186' title='bbox 1585 2453 1901 2518; x_wconf 87' lang='lat' dir='ltr'>alquantum</span> <span class='ocrx_word' id='word_1_187' title='bbox 1931 2443 2080 2497; x_wconf 77' lang='lat' dir='ltr'>sociiS</span> <span class='ocrx_word' id='word_1_188' title='bbox 2112 2437 2357 2490; x_wconf 88' lang='lat' dir='ltr'>lontanat</span> <span class='ocrx_word' id='word_1_189' title='bbox 2382 2427 2447 2483; x_wconf 92' lang='lat' dir='ltr'>ab</span> <span class='ocrx_word' id='word_1_190' title='bbox 2481 2424 2624 2480; x_wconf 76' lang='lat' dir='ltr'>altris</span> 
     </span>
     <span class='ocr_line' id='line_1_33' title="bbox 1124 2513 2351 2589; baseline -0.023 -1"><span class='ocrx_word' id='word_1_191' title='bbox 1124 2534 1278 2589; x_wconf 76' lang='lat' dir='ltr'>&#39;Nam</span> <span class='ocrx_word' id='word_1_192' title='bbox 1305 2545 1368 2584; x_wconf 92' lang='lat' dir='ltr'>co</span> <span class='ocrx_word' id='word_1_193' title='bbox 1408 2526 1592 2580; x_wconf 86' lang='lat' dir='ltr'>ebatur</span> <span class='ocrx_word' id='word_1_194' title='bbox 1634 2525 1870 2576; x_wconf 82' lang='lat' dir='ltr'>Naturae</span> <span class='ocrx_word' id='word_1_195' title='bbox 1908 2513 2072 2580; x_wconf 89' lang='lat' dir='ltr'>figere</span> <span class='ocrx_word' id='word_1_196' title='bbox 2106 2519 2351 2562; x_wconf 74' lang='lat' dir='ltr'>termen2</span> 
     </span>
     <span class='ocr_line' id='line_1_34' title="bbox 1133 2563 2557 2667; baseline -0.029 -12"><span class='ocrx_word' id='word_1_197' title='bbox 1133 2606 1314 2667; x_wconf 90' lang='lat' dir='ltr'>Atque</span> <span class='ocrx_word' id='word_1_198' title='bbox 1378 2614 1507 2662; x_wconf 85' lang='lat' dir='ltr'>uper</span> <span class='ocrx_word' id='word_1_199' title='bbox 1538 2593 1667 2647; x_wconf 32' lang='lat' dir='ltr'>*litus</span> <span class='ocrx_word' id='word_1_200' title='bbox 1708 2593 1937 2654; x_wconf 87' lang='lat' dir='ltr'>fungum</span> <span class='ocrx_word' id='word_1_201' title='bbox 1972 2581 2216 2648; x_wconf 78' lang='lat' dir='ltr'>plantare</span> <span class='ocrx_word' id='word_1_202' title='bbox 2257 2563 2557 2624; x_wconf 88' lang='lat' dir='ltr'>novellum,</span> 
     </span>
     <span class='ocr_line' id='line_1_35' title="bbox 1112 2637 2536 2733; baseline -0.028 -6"><span class='ocrx_word' id='word_1_203' title='bbox 1112 2671 1234 2726; x_wconf 70' lang='lat' dir='ltr'>&#39;Vel</span> <span class='ocrx_word' id='word_1_204' title='bbox 1273 2670 1447 2733; x_wconf 80' lang='lat' dir='ltr'>potius</span> <span class='ocrx_word' id='word_1_205' title='bbox 1484 2661 1651 2717; x_wconf 84' lang='lat' dir='ltr'>voluit</span> <span class='ocrx_word' id='word_1_206' title='bbox 1676 2655 2001 2714; x_wconf 65' lang='lat' dir='ltr'>lombar-darn</span> <span class='ocrx_word' id='word_1_207' title='bbox 2042 2646 2263 2714; x_wconf 84' lang='lat' dir='ltr'>prodere</span> <span class='ocrx_word' id='word_1_208' title='bbox 2301 2637 2536 2707; x_wconf 84' lang='lat' dir='ltr'>quajam.</span> 
     </span>
     <span class='ocr_line' id='line_1_36' title="bbox 1129 2720 2169 2790; baseline -0.022 0"><span class='ocrx_word' id='word_1_209' title='bbox 1129 2739 1207 2790; x_wconf 86' lang='lat' dir='ltr'>At</span> <span class='ocrx_word' id='word_1_210' title='bbox 1228 2734 1563 2790; x_wconf 36' lang='lat' dir='ltr'>*sbardelatus</span> <span class='ocrx_word' id='word_1_211' title='bbox 1599 2727 1803 2783; x_wconf 75' lang='lat' dir='ltr'>dixisset</span> <span class='ocrx_word' id='word_1_212' title='bbox 1839 2725 1975 2778; x_wconf 88' lang='lat' dir='ltr'>forte</span> <span class='ocrx_word' id='word_1_213' title='bbox 2006 2720 2169 2771; x_wconf 88' lang='lat' dir='ltr'>Poeta</span> 
     </span>
     <span class='ocr_line' id='line_1_37' title="bbox 1127 2776 2450 2870; baseline -0.027 -9"><span class='ocrx_word' id='word_1_214' title='bbox 1127 2809 1276 2861; x_wconf 85' lang='lat' dir='ltr'>Cum</span> <span class='ocrx_word' id='word_1_215' title='bbox 1316 2804 1477 2870; x_wconf 88' lang='lat' dir='ltr'>plena</span> <span class='ocrx_word' id='word_1_216' title='bbox 1515 2802 1705 2858; x_wconf 89' lang='lat' dir='ltr'>bocca,</span> <span class='ocrx_word' id='word_1_217' title='bbox 1739 2800 1942 2859; x_wconf 80' lang='lat' dir='ltr'>cingar</span> <span class='ocrx_word' id='word_1_218' title='bbox 1978 2801 2165 2853; x_wconf 88' lang='lat' dir='ltr'>cagare</span> <span class='ocrx_word' id='word_1_219' title='bbox 2197 2776 2450 2843; x_wconf 88' lang='lat' dir='ltr'>volebat.</span> 
     </span>
     <span class='ocr_line' id='line_1_38' title="bbox 1134 2843 2497 2939; baseline -0.025 -9"><span class='ocrx_word' id='word_1_220' title='bbox 1134 2877 1279 2939; x_wconf 90' lang='lat' dir='ltr'>Ergo</span> <span class='ocrx_word' id='word_1_221' title='bbox 1299 2875 1414 2936; x_wconf 75' lang='lat' dir='ltr'>&#39;jam</span> <span class='ocrx_word' id='word_1_222' title='bbox 1445 2872 1627 2936; x_wconf 87' lang='lat' dir='ltr'>bragas</span> <span class='ocrx_word' id='word_1_223' title='bbox 1666 2865 1899 2932; x_wconf 83' lang='lat' dir='ltr'>implens</span> <span class='ocrx_word' id='word_1_224' title='bbox 1932 2856 2163 2914; x_wconf 80' lang='lat' dir='ltr'>andabat</span> <span class='ocrx_word' id='word_1_225' title='bbox 2198 2843 2458 2902; x_wconf 87' lang='lat' dir='ltr'>annasum</span> <span class='ocrx_word' id='word_1_226' title='bbox 2478 2875 2497 2896; x_wconf 82' lang='grc'><strong><em>,</em></strong></span> 
     </span>
    </p>
   </div>
   <div class='ocr_carea' id='block_1_6' title="bbox 1071 2902 2590 2998">
    <p class='ocr_par' dir='ltr' id='par_1_7' title="bbox 1071 2902 2590 2998">
     <span class='ocr_line' id='line_1_39' title="bbox 1071 2902 2590 2998; baseline -0.029 0"><span class='ocrx_word' id='word_1_227' title='bbox 1071 2964 1079 2972; x_wconf 91' lang='grc'><em>·</em></span> <span class='ocrx_word' id='word_1_228' title='bbox 1137 2945 1218 2996; x_wconf 92' lang='lat' dir='ltr'>Ut</span> <span class='ocrx_word' id='word_1_229' title='bbox 1259 2941 1532 2995; x_wconf 88' lang='lat' dir='ltr'>brachetta</span> <span class='ocrx_word' id='word_1_230' title='bbox 1568 2937 1700 2990; x_wconf 91' lang='lat' dir='ltr'>solet</span> <span class='ocrx_word' id='word_1_231' title='bbox 1727 2937 1995 2998; x_wconf 89' lang='lat' dir='ltr'>Leporem</span> <span class='ocrx_word' id='word_1_232' title='bbox 2032 2925 2159 2978; x_wconf 86' lang='lat' dir='ltr'>dum</span> <span class='ocrx_word' id='word_1_233' title='bbox 2194 2902 2590 2983; x_wconf 75' lang='lat' dir='ltr'>pronasausat·</span> 
     </span>
    </p>
   </div>
   <div class='ocr_carea' id='block_1_7' title="bbox 1128 2966 2688 3420">
    <p class='ocr_par' dir='ltr' id='par_1_8' title="bbox 1128 2966 2688 3345">
     <span class='ocr_line' id='line_1_40' title="bbox 1134 2966 2688 3077; baseline -0.042 8"><span class='ocrx_word' id='word_1_234' title='bbox 1134 3015 1263 3069; x_wconf 31' lang='lat' dir='ltr'>&#39;Heu</span> <span class='ocrx_word' id='word_1_235' title='bbox 1297 3014 1421 3077; x_wconf 82' lang='lat' dir='ltr'>quia</span> <span class='ocrx_word' id='word_1_236' title='bbox 1453 3025 1566 3061; x_wconf 89' lang='lat' dir='ltr'>non</span> <span class='ocrx_word' id='word_1_237' title='bbox 1596 3007 1843 3071; x_wconf 64' lang='lat' dir='ltr'>‘leporem</span> <span class='ocrx_word' id='word_1_238' title='bbox 1884 2998 2109 3063; x_wconf 86' lang='lat' dir='ltr'>reperit,</span> <span class='ocrx_word' id='word_1_239' title='bbox 2147 2985 2237 3040; x_wconf 86' lang='lat' dir='ltr'>sed</span> <span class='ocrx_word' id='word_1_240' title='bbox 2275 2986 2296 3048; x_wconf 91' lang='lat'><strong>(</strong></span> <span class='ocrx_word' id='word_1_241' title='bbox 2309 2977 2481 3035; x_wconf 88' lang='lat' dir='ltr'>flebile</span> <span class='ocrx_word' id='word_1_242' title='bbox 2510 2966 2688 3032; x_wconf 60' lang='lat' dir='ltr'>dictu)</span> 
     </span>
     <span class='ocr_line' id='line_1_41' title="bbox 1137 3051 2587 3146; baseline -0.034 3"><span class='ocrx_word' id='word_1_243' title='bbox 1137 3089 1205 3137; x_wconf 85' lang='lat' dir='ltr'>In</span> <span class='ocrx_word' id='word_1_244' title='bbox 1245 3077 1516 3146; x_wconf 78' lang='lat' dir='ltr'>quendam</span> <span class='ocrx_word' id='word_1_245' title='bbox 1553 3078 1821 3143; x_wconf 86' lang='lat' dir='ltr'>Juvenem</span> <span class='ocrx_word' id='word_1_246' title='bbox 1852 3086 1920 3122; x_wconf 82' lang='lat' dir='ltr'>ex</span> <span class='ocrx_word' id='word_1_247' title='bbox 1955 3053 2236 3129; x_wconf 79' lang='lat' dir='ltr'>improviso</span> <span class='ocrx_word' id='word_1_248' title='bbox 2275 3051 2544 3106; x_wconf 89' lang='lat' dir='ltr'>trabuccat</span> <span class='ocrx_word' id='word_1_249' title='bbox 2569 3078 2587 3099; x_wconf 82' lang='lat'>‚</span> 
     </span>
     <span class='ocr_line' id='line_1_42' title="bbox 1128 3118 2616 3212; baseline -0.031 -5"><span class='ocrx_word' id='word_1_250' title='bbox 1128 3153 1298 3205; x_wconf 87' lang='lat' dir='ltr'>Unde</span> <span class='ocrx_word' id='word_1_251' title='bbox 1333 3146 1473 3212; x_wconf 60' lang='lat' dir='ltr'>⁴pilos</span> <span class='ocrx_word' id='word_1_252' title='bbox 1512 3144 1694 3197; x_wconf 92' lang='lat' dir='ltr'>habuit</span> <span class='ocrx_word' id='word_1_253' title='bbox 1731 3153 1958 3207; x_wconf 85' lang='lat' dir='ltr'>quantos</span> <span class='ocrx_word' id='word_1_254' title='bbox 1997 3137 2054 3184; x_wconf 91' lang='lat' dir='ltr'>in</span> <span class='ocrx_word' id='word_1_255' title='bbox 2091 3140 2345 3189; x_wconf 83' lang='lat' dir='ltr'>corpore,</span> <span class='ocrx_word' id='word_1_256' title='bbox 2382 3118 2616 3170; x_wconf 85' lang='lat' dir='ltr'>drizzat.</span> 
     </span>
     <span class='ocr_line' id='line_1_43' title="bbox 1129 3182 2555 3279; baseline -0.031 -2"><span class='ocrx_word' id='word_1_257' title='bbox 1129 3223 1255 3276; x_wconf 89' lang='lat' dir='ltr'>Nec</span> <span class='ocrx_word' id='word_1_258' title='bbox 1281 3215 1613 3279; x_wconf 86' lang='lat' dir='ltr'>destringatis</span> <span class='ocrx_word' id='word_1_259' title='bbox 1651 3213 1792 3265; x_wconf 91' lang='lat' dir='ltr'>bene</span> <span class='ocrx_word' id='word_1_260' title='bbox 1831 3222 1962 3260; x_wconf 89' lang='lat' dir='ltr'>tunc</span> <span class='ocrx_word' id='word_1_261' title='bbox 2004 3198 2055 3254; x_wconf 91' lang='lat' dir='ltr'>se</span> <span class='ocrx_word' id='word_1_262' title='bbox 2082 3200 2139 3248; x_wconf 90' lang='lat' dir='ltr'>in</span> <span class='ocrx_word' id='word_1_263' title='bbox 2181 3194 2358 3264; x_wconf 80' lang='lat' dir='ltr'>littore</span> <span class='ocrx_word' id='word_1_264' title='bbox 2398 3182 2555 3241; x_wconf 89' lang='lat' dir='ltr'>calcis</span> 
     </span>
     <span class='ocr_line' id='line_1_44' title="bbox 1135 3254 2425 3345; baseline -0.029 -1"><span class='ocrx_word' id='word_1_265' title='bbox 1135 3287 1361 3343; x_wconf 84' lang='lat' dir='ltr'>Baffarat</span> <span class='ocrx_word' id='word_1_266' title='bbox 1391 3323 1408 3345; x_wconf 89' lang='lat'>‚</span> <span class='ocrx_word' id='word_1_267' title='bbox 1446 3299 1620 3336; x_wconf 87' lang='lat' dir='ltr'>totum</span> <span class='ocrx_word' id='word_1_268' title='bbox 1657 3279 1709 3333; x_wconf 94' lang='lat' dir='ltr'>se</span> <span class='ocrx_word' id='word_1_269' title='bbox 1748 3274 1986 3330; x_wconf 83' lang='lat' dir='ltr'>merdam</span> <span class='ocrx_word' id='word_1_270' title='bbox 2023 3266 2258 3332; x_wconf 87' lang='lat' dir='ltr'>repperit</span> <span class='ocrx_word' id='word_1_271' title='bbox 2295 3254 2425 3315; x_wconf 83' lang='lat' dir='ltr'>effe,</span> 
     </span>
    </p>

    <p class='ocr_par' dir='ltr' id='par_1_9' title="bbox 1139 3326 2646 3420">
     <span class='ocr_line' id='line_1_45' title="bbox 1139 3326 2646 3420; baseline -0.029 -7"><span class='ocrx_word' id='word_1_272' title='bbox 1139 3362 1286 3412; x_wconf 88' lang='lat' dir='ltr'>Nam</span> <span class='ocrx_word' id='word_1_273' title='bbox 1320 3351 1561 3420; x_wconf 88' lang='lat' dir='ltr'>cagarola</span> <span class='ocrx_word' id='word_1_274' title='bbox 1593 3341 2048 3411; x_wconf 50' lang='lat' dir='ltr'>solet-proce‘d&#39;ere</span> <span class='ocrx_word' id='word_1_275' title='bbox 2087 3333 2244 3398; x_wconf 89' lang='lat' dir='ltr'>soepe</span> <span class='ocrx_word' id='word_1_276' title='bbox 2283 3326 2567 3394; x_wconf 85' lang='lat' dir='ltr'>spaventu.</span> <span class='ocrx_word' id='word_1_277' title='bbox 2641 3329 2646 3335; x_wconf 86' lang='lat'><em>·</em></span> 
     </span>
    </p>
   </div>
   <div class='ocr_carea' id='block_1_8' title="bbox 1137 3393 2662 3518">
    <p class='ocr_par' dir='ltr' id='par_1_10' title="bbox 1137 3393 2662 3518">
     <span class='ocr_line' id='line_1_46' title="bbox 1137 3393 2630 3518; baseline -0.027 -34"><span class='ocrx_word' id='word_1_278' title='bbox 1137 3426 1320 3484; x_wconf 84' lang='lat' dir='ltr'>Immo</span> <span class='ocrx_word' id='word_1_279' title='bbox 1361 3440 1522 3490; x_wconf 82' lang='lat' dir='ltr'>paura</span> <span class='ocrx_word' id='word_1_280' title='bbox 1560 3422 1725 3485; x_wconf 88' lang='lat' dir='ltr'>magis</span> <span class='ocrx_word' id='word_1_281' title='bbox 1765 3414 1964 3480; x_wconf 86' lang='lat' dir='ltr'>poterit</span> <span class='ocrx_word' id='word_1_282' title='bbox 2001 3402 2259 3462; x_wconf 88' lang='lat' dir='ltr'>bastabilis</span> <span class='ocrx_word' id='word_1_283' title='bbox 2294 3393 2497 3518; x_wconf 66' lang='lat' dir='ltr'>effeD&#39;·st·</span> <span class='ocrx_word' id='word_1_284' title='bbox 2529 3454 2542 3466; x_wconf 92' lang='lat'><strong>.</strong></span> <span class='ocrx_word' id='word_1_285' title='bbox 2608 3468 2630 3506; x_wconf 65' lang='lat' dir='ltr'>r</span> 
     </span>
     <span class='ocr_line' id='line_1_47' title="bbox 2427 3469 2662 3512; baseline -0.026 0"><span class='ocrx_word' id='word_1_286' title='bbox 2427 3479 2440 3512; x_wconf 89' lang='lat'><strong>1</strong></span> <span class='ocrx_word' id='word_1_287' title='bbox 2483 3471 2604 3512; x_wconf 77' lang='lat' dir='ltr'>iti-ca</span> <span class='ocrx_word' id='word_1_288' title='bbox 2632 3469 2662 3506; x_wconf 80' lang='lat' dir='ltr'>e</span> 
     </span>
    </p>
   </div>
  </div>
 </body>
</html>
